3880 6284
154 327 240 385 569
1062 286 1065 287 ί
1500 303 1703 361 LIBER
1730 302 1930 363 UNUS.

154 445 283 499 etiam
309 435 587 493 secundum
608 432 921 505 Apostolum
942 432 1156 502 operari
1180 428 1423 500 possint;
1453 426 1691 495 exceptis

149 538 336 592 istorum
368 529 552 585 otiosis
578 528 949 598 corruptisque
979 524 1349 590 sermonibus,
1382 535 1518 592 quos
1549 519 1692 590 judi-

146 640 244 681 care
260 638 346 693 per
369 618 675 689 imperitum
697 618 999 673 tirocinium
1026 631 1132 671 non
1163 615 1409 679 valeant,
1462 614 1513 667 in
1544 626 1693 666 eam-

143 719 239 773 dem
266 712 429 769 labem
468 711 721 781 pestifera
742 710 1057 779 contagione
1080 716 1354 761 mutantur
1379 706 1395 736 ¹
1424 723 1436 758 :
1471 719 1575 759 non
1608 718 1694 759 so-

144 811 231 863 lum
254 821 348 860 non
374 804 643 859 imitantes
663 802 1022 858 obedientiam
1044 809 1349 856 sanctorum
1367 798 1547 868 quiete
1571 812 1695 867 epe-

140 900 331 955 rantium
355 938 369 962 ,
407 904 461 951 et
489 896 720 950 aliorum
768 893 1216 948 monasteriorum
1258 892 1309 944 in
1343 889 1692 945 saluberrima

139 989 373 1059 disciplina
389 987 687 1042 secundum
715 986 1067 1057 apostolicam
1090 999 1332 1040 normam
1360 983 1689 1046 viventium;

136 1082 211 1139 sed
231 1083 377 1139 etiam
409 1082 730 1135 insultantes
754 1078 1066 1134 melioribus
1086 1119 1101 1143 ,
1124 1087 1283 1147 tanqu
1294 1092 1377 1130 am
1403 1088 1695 1131 conserva-

138 1177 291 1229 tricem
332 1172 614 1243 Evangelii
666 1171 1019 1243 przedicantes
1075 1169 1380 1240 pigritiam,
1441 1177 1693 1237 tanquam

135 1266 583 1339 praevaricatricem
647 1272 964 1319 accusantes
1033 1262 1473 1319 misericordiam.
1530 1259 1695 1314 Multo

133 1363 249 1416 enim
269 1360 672 1415 misericordias
700 1369 954 1430 operatur
978 1374 1102 1431 erga
1127 1360 1333 1414 animas
1360 1357 1695 1411 infirmorum

134 1454 204 1524 qui
228 1453 365 1508 bona:
395 1452 556 1507 fama:
611 1468 887 1508 servorum
946 1453 1037 1507 Dei
1067 1452 1331 1514 consulit,
1362 1466 1520 1520 quam
1571 1463 1696 1519 erga

133 1563 322 1617 corpora
371 1547 648 1618 egentium
707 1548 798 1617 qui
848 1562 1037 1617 panem
1082 1545 1441 1600 esurientibus
1481 1542 1693 1613 frangit.

132 1641 429 1710 Quapropter
464 1640 676 1694 utinam
707 1640 792 1695 isti
828 1640 916 1710 qui
947 1653 1139 1694 vacare
1177 1637 1362 1691 volunt
1403 1634 1651 1690 manibus
1677 1675 1693 1702 ,

132 1735 313 1787 omnino
336 1741 597 1789 vacarent
625 1742 681 1787 et
705 1733 918 1802 linguis.
963 1732 1147 1802 Neque
1176 1730 1318 1785 enim
1344 1739 1450 1784 tam
1502 1728 1697 1784 multos

132 1827 181 1881 ad
204 1827 541 1881 imitationem
567 1827 856 1881 invitarent
880 1868 894 1892 ,
926 1826 972 1881 si
998 1825 1077 1880 eis
1094 1841 1199 1879 non
1230 1833 1433 1878 tantum
1453 1822 1698 1892 exempla

133 1920 276 1987 pigra,
305 1918 395 1972 sed
426 1919 593 1972 etiam
617 1926 761 1972 muta
787 1925 1171 1987 proponerent.
1658 1898 1673 1911 ί

183 2008 388 2065 CAPUT
415 2007 613 2064 XXIII.
640 2038 709 2049 --
738 2009 827 2063 27.
878 2007 1207 2079 Evangelium
1258 2024 1361 2062 non
1402 2015 1534 2060 recte
1552 2004 1699 2059 intel-

132 2102 279 2154 lectum
303 2104 529 2172 apigris.
558 2101 745 2156 Jocose
779 2102 1070 2155 deridentur
1094 2103 1283 2173 ignavi.
1309 2100 1551 2154 Monachi
1593 2116 1700 2154 sese

131 2196 417 2261 includentes,
444 2206 499 2249 ut
516 2214 549 2249 a
576 2196 722 2250 nullo
750 2198 1016 2249 videantur
1031 2212 1119 2265 per
1144 2196 1328 2249 multos
1367 2194 1492 2247 dies.
1524 2193 1698 2246 Evan-

129 2288 307 2355 gelicum
322 2297 636 2358 prwceptum
666 2304 765 2341 non
786 2288 1043 2358 cogitandi
1063 2288 1125 2341 de
1149 2288 1369 2341 crastino
1396 2286 1701 2340 concordare

127 2393 217 2431 cum
258 2380 516 2449 Apostolo.
558 2380 712 2434 Nunc
761 2394 892 2435 vero
919 2389 1105 2436 contra
1154 2380 1469 2449 Apostolum
1500 2379 1698 2434 Christi

129 2472 318 2526 recitant
345 2472 706 2542 Evangelium
734 2473 953 2528 Christi.
1001 2474 1071 2527 Ita
1102 2474 1244 2527 enim
1279 2474 1537 2527 mirabilia
1576 2482 1701 2528 sunt

130 2578 259 2633 Opera
288 2566 568 2635 pigrorum
589 2608 603 2632 ,
634 2574 690 2620 ut
719 2566 964 2636 impediri
998 2566 1161 2621 velint
1191 2566 1476 2637 Evangelio
1495 2606 1510 2631 ,
1558 2566 1700 2636 quod

133 2657 377 2725 Apostolus
397 2658 518 2713 ideo
547 2659 798 2728 praecepit
819 2667 871 2713 et
892 2656 1018 2713 fecit
1034 2700 1048 2723 ,
1074 2674 1141 2711 ne
1164 2657 1511 2726 impediretur
1527 2658 1701 2727 ipsum

133 2748 460 2820 Evangelium.
490 2752 569 2805 Et
596 2760 772 2805 tamen
793 2750 837 2804 si
866 2764 959 2805 eos
985 2766 1052 2805 ex
1079 2750 1207 2820 ipsis
1226 2750 1495 2821 Evangelii
1525 2751 1702 2806 verbis

133 2842 387 2896 secundum
409 2856 609 2897 eorum
642 2841 969 2895 intellectum
990 2842 1170 2896 vivere
1191 2855 1462 2912 cogamus,
1495 2841 1701 2911 priores

134 2932 259 2986 nobis
284 2932 505 2988 suadere
533 2932 907 2997 conabuntur,
937 2948 1095 3002 quam
1126 2947 1231 2986 non
1265 2933 1335 2987 ita
1357 2932 1465 2987 sint
1508 2932 1701 2987 intelli-

140 3026 279 3093 genda
302 3035 358 3081 ut
384 3026 717 3096 intelligunt.
746 3024 903 3081 Certe
940 3026 1080 3079 enim
1114 3035 1395 3095 propterea
1427 3039 1486 3079 se
1520 3025 1703 3080 dicunt

138 3118 313 3185 operari
338 3133 440 3187 non
462 3118 702 3184 debere,
734 3118 857 3187 quia
878 3132 976 3172 nec
1000 3118 1243 3173 volucres
1268 3117 1387 3172 coeli
1413 3117 1699 3181 seminant,

140 3222 283 3278 neque
308 3218 515 3265 metunt
538 3251 552 3276 ,
576 3209 645 3265 de
673 3209 863 3279 quibus
894 3209 1047 3264 nobis
1078 3209 1338 3263 Dominus
1390 3208 1699 3263 similitudi-

140 3312 236 3352 nem
258 3299 427 3367 dedit,
459 3317 535 3355 ne
562 3300 629 3354 de
661 3300 851 3354 talibus
886 3298 1206 3355 necessariis
1248 3300 1565 3369 cogitemus.
1592 3298 1702 3353 Cur

142 3405 243 3461 ergo
264 3408 362 3447 non
390 3392 680 3448 attendunt
704 3392 843 3462 quod
895 3392 1170 3462 sequitur?
1199 3390 1380 3460 Neque
1410 3390 1551 3445 enim
1580 3399 1700 3444 tan-

144 3487 378 3543 tummodo
398 3488 507 3543 lioc
534 3487 734 3542 dictum
770 3494 888 3550 est,
920 3486 1043 3556 quia
1073 3502 1175 3539 non
1210 3486 1459 3540 seminam
1482 3526 1497 3551 ,
1548 3501 1703 3556 neque

145 3589 331 3645 metunt;
354 3582 444 3637 sed
474 3581 749 3651 adjectum
769 3591 884 3646 est,
910 3597 1067 3649 neque
1092 3589 1397 3651 congregant
1415 3581 1469 3634 in
1494 3581 1703 3651 apothe-

147 3686 210 3723 cas
232 3672 426 3738 (Matth.
458 3688 518 3727 v1
538 3715 552 3738 ,
582 3670 695 3744 26).
730 3672 1019 3742 Apothecae
1069 3680 1244 3727 autem
1266 3713 1282 3738 ,
1329 3672 1414 3727 vel
1467 3672 1657 3726 horrea
1683 3714 1697 3739 ,

147 3763 210 3817 vel
230 3766 431 3821 verbum
464 3782 538 3821 ex
588 3765 756 3821 verbo
784 3767 840 3830 ’,
898 3764 1213 3833 repositoria
1243 3764 1263 3795 ³
1302 3764 1405 3819 dici
1452 3772 1696 3833 possunt.

147 3853 229 3908 Cur
246 3871 361 3927 ergo
386 3859 475 3912 isti
500 3872 690 3911 manus
711 3856 909 3911 otiosas
923 3863 978 3910 et
1002 3856 1157 3925 plena
1184 3855 1499 3925 repositoria
1518 3855 1702 3910 volunt

148 3942 346 4002 habere?
373 3948 484 4004 Cur
512 3964 571 4004 ea
600 3964 719 4018 quae
756 3957 973 4003 sumunt
997 3962 1063 4003 ex
1112 3946 1382 4003 laboribus
1424 3949 1649 4002 aliorum
1683 3989 1697 4013 ,

150 4039 406 4095 recondunt
432 4051 493 4096 et
517 4049 734 4095 servant
760 4040 899 4094 unde
945 4038 1182 4110 quotidie
1207 4039 1546 4108 proferatur?
1593 4040 1702 4095 Cur

150 4124 339 4199 denique
362 4133 569 4188 molunt
597 4139 653 4186 et
676 4131 946 4201 coquunt?
978 4131 1087 4185 lloc
1131 4131 1271 4185 enim
1298 4145 1423 4186 aves
1474 4145 1582 4185 non
1625 4130 1702 4185 fa-

151 4217 284 4273 ciunt.
309 4224 409 4278 Aut
436 4224 485 4278 si
517 4222 794 4292 reperiunt
822 4222 1013 4292 quibus
1044 4223 1143 4277 hoc
1168 4237 1301 4291 opus
1332 4238 1543 4292 quoque
1574 4238 1699 4292 per-

152 4310 394 4380 suadeant,
429 4323 493 4369 ut
520 4315 599 4370 eis
620 4330 716 4384 per
736 4314 971 4385 singulos
999 4314 1115 4369 dies
1135 4330 1286 4370 escas
1316 4314 1539 4369 afferant
1563 4332 1702 4386 prae-

154 4411 357 4471 paratas;
387 4406 583 4462 saltem
610 4405 709 4461 sibi
727 4420 917 4474 aquam
946 4406 1031 4460 vel
1056 4405 1123 4461 de
1148 4405 1383 4461 fontibus
1425 4406 1654 4463 afferunt
1681 4449 1696 4476 ,

152 4492 219 4545 vel
242 4493 301 4549 de
322 4497 567 4552 cisternis
582 4505 687 4569 .aut
714 4495 888 4566 puteis
912 4495 1164 4550 hauriunt
1186 4506 1239 4551 et
1264 4506 1528 4565 reponunt
1557 4515 1569 4551 :
1600 4499 1704 4555 hoc

155 4583 351 4641 volatilia
374 4603 485 4642 non
538 4587 759 4642 faciunt.
806 4584 913 4641 Sed
966 4586 1011 4642 si
1042 4586 1144 4641 hoc
1190 4587 1400 4655 placet,
1454 4588 1703 4645 studeant

157 4673 283 4730 etiam
308 4678 426 4733 boni
449 4678 632 4733 fideles
657 4687 711 4733 et
730 4678 891 4749 Regis
911 4679 1095 4733 aeterni
1122 4678 1452 4733 devotissimi
1485 4681 1703 4749 provin-

158 4765 288 4823 ciales
302 4812 318 4837 ,
338 4771 643 4827 fortissimis
664 4771 785 4841 ejus
804 4770 1062 4826 militibus
1081 4784 1246 4840 usque
1266 4770 1332 4826 ad
1352 4771 1453 4826 ista
1474 4773 1697 4839 servire,

159 4866 204 4910 ut
236 4862 322 4917 sibi
349 4880 447 4921 nec
476 4879 667 4934 aquam
711 4864 933 4932 implere
984 4873 1270 4935 cogantur,
1322 4864 1366 4919 si
1389 4865 1498 4933 jam
1542 4867 1701 4920 etiam

160 4946 255 5005 illos
276 4956 357 5025 qui
386 4966 512 5011 tunc
534 4964 690 5011 erant
714 4954 1066 5026 Jerosolymm
1111 4969 1252 5011 novo
1273 4956 1443 5025 gradu
1480 4956 1703 5026 justitia:

160 5049 447 5116 supergressi
474 5056 615 5103 sunt.
669 5046 801 5101 Nam
828 5046 935 5101 illis
959 5047 1098 5102 fame
1146 5047 1490 5113 imminente,
1529 5058 1582 5103 et
1610 5065 1704 5119 per

161 5128 409 5204 Prophetas
428 5141 517 5211 qui
548 5148 673 5194 tunc
696 5149 851 5207 erant
877 5148 1002 5195 ante
1032 5138 1283 5209 praedicta
1304 5180 1318 5204 ,
1353 5140 1477 5194 boni
1519 5140 1702 5197 fideles

159 5234 210 5273 ex
248 5225 430 5286 Graecia
476 5229 742 5287 frumenta
784 5230 1045 5286 miserunt
1068 5230 1204 5303 (Act.
1242 5246 1295 5285 xt
1320 5271 1334 5296 ,
1361 5230 1586 5304 28-50);
1634 5248 1701 5287 ex

160 5314 317 5404 quibus
340 5323 496 5379 credo
520 5323 663 5404 quod
683 5322 760 5378 illi
783 5338 975 5393 panem
1005 5322 1107 5378 sibi
1136 5322 1412 5389 fecerunt,
1439 5333 1530 5378 aut
1557 5334 1702 5380 certe

160 5403 416 5474 faciendum
430 5426 754 5473 curaverunt
786 5434 799 5471 :
831 5417 973 5487 quod
993 5431 1118 5472 aves
1144 5431 1248 5471 non
1280 5415 1500 5471 faciunt.
1529 5418 1632 5472 Sed
1655 5420 1700 5471 si

159 5498 335 5565 latuisti
353 5554 366 5580 ,
393 5523 451 5569 ut
468 5513 649 5569 dicere
671 5526 941 5584 coeperam
958 5552 973 5577 ,
1002 5512 1163 5589 etiam
1189 5510 1306 5565 illos
1332 5511 1510 5580 aliquo
1535 5509 1699 5581 gradu

212 5663 434 5732 {signa
470 5680 524 5721 Αι
556 5671 691 5732 editi,
712 5670 963 5722 imitantur
990 5683 1007 5721 :
1030 5671 1187 5721 minus
1208 5672 1356 5721 bene.

212 5726 362 5817 militi,
677 5726 819 5784 herbo
838 5745 1018 5817 qrwco.
1044 5734 1206 5797 Abest,
1230 5745 1408 5797 grceco,
1428 5745 1457 5781 a
1478 5738 1582 5781 MSS.

258 5796 299 5840 In
318 5795 553 5872 plerisque
574 5805 697 5859 διεδ,
721 5795 1001 5859 νεροὲιονὶα.

3282 316 3389 375 570

1793 428 2014 497 iustitiae
2046 431 2400 496 transierunt,
2443 442 2494 485 et
2523 432 2744 487 omnino
2773 432 2825 487 in
2854 433 2920 489 iis
2946 449 3063 504 qu-ze
3089 433 3157 489 ad
3183 434 3386 490 transi-

1799 521 2026 591 gendam
2059 523 2216 576 vitam
2244 524 2399 578 istam
2426 525 2733 593 pertinent,
2760 526 2898 581 sicut
2922 527 3166 581 volucres
3192 538 3386 597 agunt;

1801 615 2082 669 ostendant
2102 617 2253 671 nobis
2270 616 2514 671 homines
2531 619 2736 672 servire
2756 617 3061 672 volucribus
3084 660 3097 683 ,
3132 619 3269 672 sicut
3288 619 3389 674 sibi

1802 708 1990 762 serviri
2037 710 2254 776 voluut,
2290 711 2386 764 nisi
2432 711 2600 779 captis
2628 718 2683 764 et
2727 710 2945 765 inclusis
2970 751 2984 776 ,
3024 710 3218 780 quibus
3259 711 3389 767 ﬁdes

1801 817 1904 856 non
1927 803 2152 859 habetur
2173 846 2185 867 ,
2217 820 2282 859 ne
2310 806 2549 859 volantes
2575 821 2677 859 non
2708 805 2930 859 redeant
2962 822 2972 858 :
3005 816 3053 858 et
3086 816 3258 858 tamen
3288 805 3391 859 illa:

1802 896 2003 950 malunt
2034 896 2135 950 frui
2169 898 2414 953 libertate
2437 941 2451 962 ,
2482 907 2538 953 et
2563 914 2626 953 ex
2664 899 2805 970 agris
2845 907 3100 968 quantum
3153 899 3281 952 satis
3311 906 3394 952 est

1801 1000 2026 1056 capere,
2059 1004 2216 1059 quam
2243 989 2310 1045 ab
2346 989 2650 1046 hominibus
2677 990 2916 1061 apposita
2944 1000 2993 1045 et
3017 1000 3269 1061 apparata
3295 1005 3389 1045 su-

1801 1095 1967 1135 mere.
3152 1131 3156 1135 .

1871 1172 1960 1227 28.
1990 1172 2225 1229 Proinde
2253 1190 2441 1230 rursus
2467 1177 2598 1232 istos
2614 1176 2719 1231 alio
2748 1176 3058 1232 sublimiore
3087 1177 3252 1247 gradu
3296 1177 3387 1248 ju-

1801 1267 1960 1323 stitiae
1984 1269 2341 1338 superabunt,
2366 1270 2455 1339 qui
2479 1286 2538 1326 se
2570 1272 2638 1325 ita
2667 1271 3028 1337 instituerint,
3078 1283 3134 1326 ut
3155 1272 3393 1342 quotidie

1802 1364 1854 1415 in
1880 1376 2036 1432 agros
2060 1371 2315 1433 tanquam
2340 1364 2393 1418 in
2416 1372 2623 1433 pastum
2648 1373 2886 1435 pergant,
2911 1374 2965 1420 et
2985 1381 3090 1435 quo
3110 1374 3350 1435 tempore
3372 1366 3389 1397 ¹

1802 1454 2103 1509 invenerint
2148 1466 2407 1525 carpant,
2452 1471 2514 1511 ac
2573 1456 2745 1527 sopita
2801 1459 2939 1512 fame
2965 1459 2985 1489 ²
3030 1468 3389 1514 revertantur.

1802 1546 1905 1602 Sed
1956 1549 2111 1618 plane
2140 1559 2358 1618 propter
2404 1564 2653 1619 agrorum
2702 1550 2952 1605 custodes
2990 1566 3151 1621 quam
3187 1551 3389 1606 bonum

1801 1648 1946 1694 esset
1971 1681 1985 1704 ,
2014 1640 2058 1694 si
2087 1641 2245 1694 etiam
2293 1656 2493 1709 pennas
2522 1641 2700 1710 largiri
2751 1642 3008 1697 Dominus
3036 1642 3347 1713 dignaretur
3372 1686 3388 1710 ,

1803 1738 1861 1785 ut
1887 1731 2026 1785 servi
2056 1732 2149 1786 Dei
2174 1733 2226 1786 in
2256 1733 2398 1802 agris
2420 1733 2607 1788 alienis
2625 1734 2824 1789 inventi
2852 1749 2957 1790 non
2977 1743 3224 1806 tanquam
3246 1734 3394 1791 fures

1802 1823 2388 1894 comprehenderentur
2413 1866 2426 1889 ,
2456 1825 2550 1880 sed
2572 1834 2823 1896 tanquam
2853 1827 3025 1882 sturni
3062 1826 3391 1897 fugarentur.

1802 1916 1955 1973 Nunc
2000 1932 2130 1971 vero
2183 1917 2272 1972 ille
2297 1927 2551 1987 quantum
2578 1919 2814 1989 poterit,
2869 1919 3161 1974 imitabitur
3189 1935 3341 1975 avem
3375 1961 3392 1988 ,

1804 2026 1961 2079 quem
1989 2010 2009 2041 ³
2036 2025 2227 2079 capere
2252 2018 2475 2065 venator
2502 2027 2607 2065 non
2635 2011 2851 2079 poterit.
2884 2010 2992 2065 Sed
3040 2025 3165 2067 ecce
3200 2026 3396 2067 conce-

1803 2102 1932 2157 dant
1956 2117 2144 2157 omnes
2171 2102 2341 2157 servis
2363 2102 2491 2169 Dei,
2518 2112 2573 2157 ut
2594 2118 2714 2157 cum
2746 2103 2929 2157 volunt
2949 2102 2999 2156 in
3032 2118 3218 2158 eorum
3238 2117 3395 2173 agros

1803 2203 2030 2261 exeant,
2062 2204 2219 2264 atque
2250 2194 2371 2249 inde
2393 2193 2567 2248 securi
2596 2193 2888 2264 reiectique
2914 2193 3194 2249 discedant
3223 2212 3235 2248 :
3260 2194 3400 2249 sicut

1804 2287 2002 2356 populo
2046 2287 2207 2342 Israel
2239 2301 2335 2356 per
2372 2288 2544 2357 legem
2580 2295 2907 2357 praeceptum
2935 2294 3019 2342 est
3068 2294 3124 2340 ut
3171 2286 3223 2340 in
3254 2286 3397 2357 agris

1806 2377 1917 2431 suis
1946 2375 2118 2431 furem
2170 2377 2349 2432 nullus
2379 2386 2623 2443 teneret,
2679 2378 2782 2437 nisi
2823 2378 2913 2447 qui
2966 2392 3149 2433 secum
3197 2377 3399 2449 aliquid

1805 2471 1966 2524 vellet
1991 2470 2203 2524 auferre
2234 2488 2247 2535 ;
2279 2485 2398 2523 nam
2430 2471 2520 2540 qui
2544 2469 2678 2525 nihil
2709 2469 2851 2523 aliud
2878 2470 3141 2540 attigisset
3161 2485 3318 2539 quam
3342 2468 3397 2524 id

1806 2561 1948 2632 quod
1977 2562 2333 2628 comedisset,
2364 2562 2591 2616 liberum
2623 2561 3049 2631 impunitumque
3080 2562 3228 2616 abire
3256 2561 3400 2617 sine-

1806 2664 1927 2710 rent
1951 2654 2126 2729 (Deut.
2158 2672 2287 2710 xxm
2308 2696 2321 2719 ,
2356 2656 2423 2710 2i
2447 2698 2460 2722 ,
2492 2656 2609 2725 25).
2634 2656 2783 2711 Unde
2810 2656 2969 2710 etiam
2992 2657 3166 2725 spicas
3186 2656 3394 2710 vellen-

1810 2746 1949 2802 tibus
1976 2747 2251 2817 discipulis
2290 2748 2497 2802 Domini
2523 2790 2536 2813 ,
2579 2748 2647 2803 de
2673 2748 2898 2803 sabbato
2938 2748 3116 2817 potius
3144 2762 3302 2818 quam
3328 2746 3400 2803 de

1809 2840 1947 2896 furto
1970 2841 2140 2897 Judzei
2167 2842 2474 2896 calumniati
2506 2850 2630 2896 sunt
2673 2840 2886 2913 (Matth.
2928 2856 3037 2907 xu,
3076 2842 3101 2894 l
3133 2881 3150 2907 ,
3180 2839 3260 2911 2).
3292 2839 3399 2895 Sed

1807 2934 1929 3005 quid
1957 2934 2059 2989 erit
2087 2933 2349 3004 agendum
2376 2934 2443 2988 de
2494 2934 2577 2988 liis
2619 2933 2946 3003 temporibus
2991 2932 3151 2999 anni,
3206 2932 3400 3001 quibus

1806 3042 1927 3083 esca
1950 3043 2067 3097 qua)
2093 3024 2270 3083 statim
2293 3028 2429 3081 sumi
2459 3028 2661 3099 possit,
2696 3028 2749 3082 in
2774 3027 2920 3097 agris
2946 3040 3053 3081 non
3081 3024 3397 3080 invenitur?

1806 3122 2057 3193 Quisquis
2075 3122 2275 3192 aliquid
2302 3122 2519 3176 domum
2541 3121 2680 3190 quod
2704 3121 2803 3175 sibi
2829 3119 3108 3190 coquendo
3129 3125 3400 3188 praeparet

1807 3213 2016 3268 auferre
2062 3213 2377 3274 tentaverit,
2435 3211 2727 3267 secundum
2784 3211 3014 3265 istorum
3065 3209 3399 3265 intellectum

1807 3306 1988 3361 audiet
2035 3320 2101 3359 ex
2140 3304 2477 3375 Evangelio:
2526 3304 2708 3369 Pone;
2767 3302 2870 3357 hoc
2921 3301 3068 3358 enim
3110 3317 3237 3358 aves
3290 3318 3399 3360 non

1805 3397 2028 3452 faciunt.

1875 3490 1965 3547 29.
1998 3490 2192 3545 Verum
2220 3497 2273 3544 et
2302 3488 2402 3544 hoc
2427 3487 2783 3544 concedamus
2803 3529 2816 3553 ,
2853 3494 2964 3542 toto
2990 3494 3234 3542 vertente
3257 3501 3403 3542 anno

1807 3597 1965 3653 posse
2010 3582 2062 3635 in
2107 3581 2249 3651 agris
2290 3580 2514 3650 reperiri
2544 3579 2626 3634 vel
2667 3595 2731 3633 ex
2760 3578 2951 3634 arbore
2973 3580 3059 3634 vel
3090 3594 3157 3639 ex
3183 3578 3396 3648 herbis,

1810 3676 1887 3730 vel
1915 3691 1979 3730 ex
2006 3674 2303 3745 quibusque
2328 3673 2595 3730 radicibus
2625 3673 2767 3743 quod
2798 3673 2851 3727 in
2873 3687 3051 3728 escam
3071 3674 3210 3729 sumi
3233 3674 3402 3743 possit

1807 3769 2101 3833 incoctum,
2149 3774 2241 3820 aut
2278 3776 2424 3822 certe
2465 3774 2607 3821 tanta
2637 3765 2947 3821 exercitatio
2974 3766 3213 3834 corporis
3243 3766 3398 3822 adhi-

1806 3860 2031 3926 lteatur,
2078 3868 2138 3913 ut
2175 3874 2236 3914 ea
2276 3874 2394 3929 quae
2438 3856 2713 3927 coquenda
2749 3863 2908 3921 sunt,
2942 3857 3100 3911 etiam
3126 3857 3287 3912 cruda
3314 3872 3405 3912 εει

1806 3963 2015 4022 sumpta
2036 3968 2141 4008 non
2164 3960 2424 4017 noceant,
2454 3951 2728 4021 possitque
2748 3950 2907 4005 etiam
2937 3949 3256 4005 hiemalibus
3275 3951 3398 4020 qui-

1808 4046 2039 4101 buslibet
2076 4043 2450 4113 asperitatibus
2491 4042 2558 4097 ad
2603 4041 2790 4111 pabula
2836 4040 3087 4110 procedi;
3128 4051 3288 4111 atque
3326 4043 3399 4098 ita

1808 4138 1974 4190 ﬁatut
1995 4135 2126 4190 nihil
2151 4133 2553 4205 praeparandum
2574 4132 2867 4196 auferatur,
2895 4131 3026 4185 nihil
3040 4132 3091 4185 in
3109 4132 3398 4187 crastinum

1807 4239 2095 4299 reponatur
2124 4246 2136 4282 :
2169 4243 2272 4282 non
2302 4234 2552 4295 poterunt
2577 4226 2675 4278 ista
2707 4238 2921 4279 servare
2944 4223 3035 4293 qui
3064 4237 3122 4277 se
3142 4238 3238 4291 per
3262 4224 3402 4278 mul-

1809 4334 1889 4379 tos
1939 4324 2054 4378 dies
2079 4340 2108 4377 a
2129 4330 2418 4393 conspectu
2448 4321 2721 4376 hominum
2753 4329 3061 4390 separatos,
3093 4328 3149 4375 et
3174 4320 3303 4374 nulli
3331 4322 3399 4378 ad

1808 4432 1866 4472 se
1904 4416 2202 4486 prmbentes
2229 4428 2542 4481 accessum,
2585 4400 2863 4469 includunt
2897 4428 2956 4469 se
2989 4413 3134 4483 ipsos
3160 4414 3399 4471 viventes

1808 4510 1861 4564 in
1907 4524 2098 4579 magna
2144 4507 2439 4563 intentione
2486 4506 2807 4561 orationum.
2854 4505 2919 4561 Hi
2963 4506 3105 4560 enim
3152 4505 3399 4562 facillima

1809 4601 2022 4673 quidem
2067 4609 2226 4671 atque
2268 4599 2524 4654 vilissima
2548 4639 2563 4665 ,
2609 4613 2789 4654 secum
2830 4605 3012 4651 tamen
3038 4596 3286 4653 alimenta
3317 4597 3401 4651 in-

1808 4695 2025 4750 cludere
2049 4690 2435 4755 consuerunt‘,
2463 4706 2582 4761 qute
2611 4689 2667 4743 in
2691 4689 2812 4743 illos
2835 4687 2949 4742 dies
2974 4689 3166 4757 quibus
3191 4704 3220 4741 a
3251 4689 3399 4745 nullo

1809 4788 1976 4845 videri
2013 4794 2311 4843 statuerunt
2336 4827 2350 4851 ,
2378 4783 2646 4839 sufﬁciant
2673 4800 2686 4835 :
2712 4779 2855 4851 quod
2885 4794 3009 4833 aves
3040 4795 3144 4834 non
3174 4780 3394 4837 faciunt.

1809 4881 1878 4935 Et
1923 4881 2112 4935 horum
2153 4877 2365 4948 quidem
2416 4872 2851 4930 exercitationem
2906 4871 2959 4925 in
3011 4880 3120 4925 tam
3169 4873 3397 4928 mirabili

1808 4970 2167 5037 continentia,
2212 4965 2639 5039 quandoquidem
2687 4963 2885 5019 habent
2926 4963 3096 5018 otium
3133 4979 3239 5033 quo
3284 4963 3398 5019 lucc

1809 5072 1999 5137 agant,
2042 5077 2204 5133 seque
2242 5058 2525 5114 imitandos
2565 5072 2673 5112 non
2707 5056 2937 5127 superba
2960 5056 2982 5089 ⁵
3009 5056 3272 5123 elatione,
3303 5057 3398 5111 sed

1808 5153 2139 5213 misericordi
2183 5151 2463 5208 sanctitate
2512 5157 2859 5221 proponant,
2907 5163 3012 5203 non
3065 5149 3238 5203 solum
3289 5161 3396 5201 non

1809 5246 2178 5319 reprehendo,
2225 5243 2319 5299 sed
2360 5250 2616 5314 quantum
2658 5240 2876 5312 dignum
2918 5248 3002 5295 est
3044 5238 3260 5293 laudare
3288 5253 3401 5290 non

1874 5482 1889 5512 1
1925 5476 2191 5528 casalensis
2224 5481 2367 5525 vetus
2400 5474 2574 5532 codex,
2596 5476 2653 5535 fet
2684 5467 2813 5535 quod
2845 5478 2933 5531 pro
2971 5472 3199 5527 tempore.

1872 5545 1893 5575 ³
1924 5540 2254 5590 Cisterciensis
2276 5546 2377 5598 MS.,
2404 5536 2557 5601 posita
2576 5534 2721 5597 fame-
2918 5595 2962 5601 __
3176 5587 3186 5597 .

1874 5606 1894 5636 δ
1925 5584 2068 5665 aditi,
2080 5584 2250 5665 Eadm:
2266 5584 2560 5649 augustas
2576 5584 2707 5655 'uss.,
2735 5602 2891 5656 quem.
2918 5595 2971 5639 Et
2986 5587 3190 5637 Vaticani
3208 5584 3304 5635 duo
3318 5585 3399 5637 ha-

1808 5668 1948 5726 bent,
2163 5699 2176 5723 ,
2201 5663 2323 5723 loco,
2349 5666 2557 5712 venator.

1872 5730 1894 5760 ³*
1929 5734 2069 5777 Juxta
2094 5734 2232 5786 ven.,
2259 5727 2583 5787 consuescunt.
2652 5726 2707 5787 at.
2748 5777 2758 5787 .
2816 5776 2825 5786 .

1873 5792 1893 5823 δ
1928 5771 2114 5839 times
2135 5771 2276 5849 513;,
2294 5771 2518 5848 addrec
2544 5786 2703 5845 θρωπε,
2740 5774 3023 5829 imitandam
3058 5788 3150 5827 non
3172 5771 3397 5838 superba.
