3880 6284
523 281 623 339 571
1452 273 1541 329 DE
1578 271 1810 329 OPERE
1848 268 2343 354 MONACHQRUM,
2384 271 2443 328 S.
2485 274 2857 333 AUGUSTINI
3652 293 3735 361 ιη

519 408 757 469 possum.
799 391 938 463 Quid
964 400 1138 459 tamen
1167 389 1236 459 de
1254 388 1343 453 bis
1369 389 1597 446 dicimus
1615 430 1631 455 ,
1664 387 1955 485 secundum
1980 386 2108 441 isto-
2216 386 2375 467 vitam
2404 389 2755 485 militiamque
2775 397 3136 466 convertitur,
3160 399 3206 467 si
3224 415 3343 461 eum
3368 403 3529 463 adhuc
3550 420 3734 485 om

518 504 638 549 tum
680 486 1009 549 intellectum
1048 499 1117 543 ex
1147 481 1467 561 evangelicis
1493 478 1709 536 verbis?
1735 480 1816 537 An
1845 478 1980 534 forte
2000 492 2068 549 qu

2213 485 2463 561 tanquam
2497 483 2706 555 opiﬁcis
2732 487 2751 518 ί
2771 527 2787 557 ,
2827 503 3079 561 exercere
3107 493 3356 565 negotia?
3375 494 3527 571 Quasi
3548 478 3654 563 vero
3673 478 3735 563 is;

516 588 643 640 sunt
692 579 985 638 sanctiores
1007 620 1024 649 ,
1072 595 1140 637 eo
1186 584 1312 645 sunt
1348 577 1654 633 volucribus
1694 572 2063 630 dissimiliores
2086 613 2101 641 ε
2209 573 2313 639 cile
2340 576 2512 646 posSit
2537 578 2711 643 verbis
2737 581 3307 663 explicari,vquantuin
3333 591 3495 676 prosit,
3520 596 3734 664 quodbo.

514 676 640 753 quia
666 673 771 730 nisi
797 681 1058 746 reponant
1082 672 1184 735 sibi
1209 685 1360 735 escas
1385 670 1438 727 in
1465 669 1725 745 plurimos
1752 669 1897 763 dies.
1930 666 2103 734 inclu-
2208 670 2386 741 minus
2425 672 2575 741 diviti
2617 676 2895 757 consilium
2937 680 3207 760 capiendae
3232 666 3353 751 vita;
3380 691 3578 743 αξιοι-πω
3602 693 3735 763 requi.

512 767 643 827 dere
681 783 742 826 se
766 767 839 827 ita
862 808 879 834 ,
909 775 967 822 ut
995 765 1217 833 faciunt,
1246 779 1355 831 non
1382 762 1674 821 valebunt?
1703 762 1770 817 Et
1794 762 1979 834 utique
2005 776 2104 817 no-
2207 764 2349 821 renti
2377 764 2454 831 ait
2481 774 2537 822 ut
2561 767 2759 833 facere;
2778 771 2798 801 I
2817 811 2832 835 ,
2860 769 2905 835 si
2932 771 3094 849 γειιει
3114 787 3236 839 οδες
3257 775 3549 853 “ﬂemus;
3574 762 3738 845 “um

512 860 718 923 hiscum
770 857 1024 931 audiunt,
1078 855 1254 912 Nolite
1300 872 1419 927 ergo
1469 855 1689 928 cogitare
1732 855 1787 910 in
1822 854 2100 919 crastinum
2203 854 2329 949 ditis
2369 873 2490 941 quae
2528 858 2796 929 habebat,
2839 872 2895 931 et
2933 863 3239 939 indigentia:
3280 882 3558 945 pauperum
3592 871 3736 949 (tigri.

512 948 728 1024 (Matth.
755 965 808 1006 vr
826 992 841 1018 ,
870 946 984 1021 54).
1234 1040 1243 1041 ί
1662 1040 1673 1041 ί
1894 1040 1899 1041 ,
1963 1039 1971 1041 _

2202 945 2376 1018 bulis,
2404 964 2527 1015 eum
2556 962 2869 1033 sequeretur
2893 954 3104 1035 (Metili,
3132 972 3249 1027 nx,
3274 956 3389 1039 2!).
3412 960 3513 1027 Aut
3532 945 3635 1041 quis
3654 976 3736 1024 tam

583 1045 672 1102 50.
715 1046 1054 1117 Quapropter
1076 1082 1092 1109 ,
1136 1048 1196 1096 ut
1231 1040 1468 1097 breviter
1502 1040 1860 1113 complectar,
1889 1039 1977 1096 isti
2006 1040 2096 1113 qui
2201 1042 2451 1115 expedito
2489 1060 2649 1109 cursu
2689 1055 2905 1117 secutus
2944 1056 3028 1125 est
3056 1049 3374 1127 Dominum,
3400 1039 3650 1125 quamille
3668 1061 3736 1129 qui

506 1154 574 1195 ex
612 1137 886 1208 Evangelii
928 1150 1178 1209 perverso
1215 1133 1491 1195 intellectu
1527 1143 1636 1195 tam
1665 1133 1944 1197 manifesta
1965 1149 2097 1205 auo-
2198 1132 2306 1202 ait,
2356 1132 2477 1193 Non
2512 1137 2566 1192 in
2606 1154 2819 1203 vacuum
2855 1141 3091 1213 cucurri.
3131 1159 3223 1205 nec
3249 1144 3305 1199 in
3329 1146 3736 1213 ναεμαηιιαθρωυί

505 1230 689 1293 stolica
720 1236 986 1302 praecepta
1016 1234 1322 1300 pervertere
1348 1227 1641 1283 moliuntur
1659 1269 1675 1296 ,
1701 1235 1793 1282 aut
1816 1242 1925 1282 non
1950 1227 2094 1298 cogi-
2199 1224 2456 1319 (Philipp.
2499 1246 2570 1297 ιι,
2616 1231 2704 1303 16)
2728 1233 2752 1288 ?
2784 1234 2875 1313 qui
2904 1244 3082 1313 tamen
3107 1251 3268 1313 opera
3293 1238 3396 1311 ista
3421 1250 3473 1309 et
3500 1247 3731 1319 prmeepit,

505 1333 617 1380 tent
641 1325 692 1380 in
718 1323 1011 1389 crastinum
1035 1365 1052 1391 ,
1083 1324 1223 1383 sicut
1250 1324 1482 1381 volatilia
1506 1325 1666 1393 coeli;
1698 1333 1790 1385 aut
1816 1324 2092 1397 obtempe-
2196 1328 2249 1377 et
2279 1318 2420 1383 fecit.
2446 1321 2561 1385 Hoc
2582 1324 2733 1389 nobis
2761 1333 2901 1393 tanta
2922 1329 3238 1399 auctoritate
3255 1329 3431 1405 doctis
3457 1340 3509 1397 et
3528 1333 3735 1401 informa,

498 1424 619 1473 rent
658 1416 953 1489 Apostolo,
1003 1417 1142 1473 sicut
1184 1416 1277 1473 lilii
1315 1416 1495 1475 dilecti
1528 1434 1540 1470 :
1570 1418 1677 1475 imo
1708 1426 1990 1489 utrumque
2014 1417 2090 1475 ῆι-
2196 1413 2262 1479 tis
2278 1413 2522 1477 sufﬁcere
2542 1415 2726 1489 debuit
2746 1418 2813 1475 ad
2829 1421 3131 1491 exemplum
3152 1420 3735 1503 ἀετειὶηρυεηάίδῃιίειί.

496 1511 671 1578 ciant,
699 1511 821 1581 quia
848 1518 1133 1589 utrumque
1157 1510 1465 1571 concordat.
1497 1510 1681 1582 Neque
1707 1512 1853 1567 enim
1876 1519 2088 1574 contra-
2191 1523 2289 1565 nas
2327 1508 2603 1579 facultates
2626 1554 2642 1578 ,
2672 1522 2726 1577 et
2772 1515 3015 1581 manibus
3052 1517 3331 1589 operandi.
3370 1519 3475 1585 Sed
3511 1530 3559 1577 et
3583 1524 3734 1589 uasat;

494 1603 573 1663 ria
614 1603 839 1661 Domino
878 1618 976 1663 suo
1015 1612 1258 1667 moneret
1295 1602 1490 1661 Paulus
1528 1617 1713 1659 servus
1737 1601 1933 1660 Christi
1959 1604 2087 1663 Jcsu
2190 1600 2306 1683 ipso
2343 1603 2568 1665 Domino
2596 1606 2783 1678 adjuti,
2812 1622 3095 1687 possumus
3124 1607 3353 1675 fortasse
3380 1621 3643 1685 utcumque
3660 1630 3731 1677 co-

495 1693 669 1768 (Rom.
704 1711 758 1762 1,
792 1695 868 1768 1).
900 1695 1014 1757 Hoc
1036 1696 1179 1753 enim
1209 1695 1326 1759 istis
1351 1702 1531 1767 aperte
1559 1694 1785 1755 dicimus
1816 1715 1828 1750 :
1858 1695 1917 1754 Si
1940 1696 2083 1757 vola—
2186 1708 2445 1765 gnoscere
2468 1736 2483 1763 ,
2527 1697 2688 1761 etiam
2728 1697 2806 1765 sic
2848 1700 3192 1771 operantibus
3234 1703 3405 1761 servis
3441 1704 3559 1770 Dei,
3591 1706 3731 1783 priora

492 1789 602 1847 tilia
642 1790 762 1852 caeli
790 1789 867 1849 sic
900 1789 1191 1863 iutelligitis
1228 1789 1283 1845 in
1315 1790 1600 1862 Evangelia
1624 1832 1639 1860 ,
1666 1800 1726 1849 ut
1748 1792 1928 1849 nolitis
1954 1807 2084 1864 ope-
2190 1796 2366 1853 litan
2421 1790 2632 1869 negotia
2676 1791 2976 1864 reliquisse
3014 1793 3141 1863 quid
3191 1794 3384 1875 PWSil-
3431 1797 3489 1859 Si
3523 1799 3648 1865 enim
3680 1801 3732 1865 ad

490 1882 660 1945 rando
693 1883 935 1945 manibus
965 1884 1154 1943 vestris
1173 1883 1371 1943 victum
1397 1893 1868 1956 tegumentumque
1890 1901 2084 1956 procu-
2187 1877 2324 1935 hanc
2360 1881 2521 1936 vitam
2561 1898 2629 1938 ex
2652 1883 2817 1941 divite
2844 1885 3125 1961 quisquam
3151 1888 3516 1958 convertitur,
3545 1900 3593 1949 et
3616 1892 3732 1955 nulla

490 1989 651 2045 rare;
691 1975 827 2033 nihil
864 1976 1024 2035 etiam
1062 1977 1336 2055 reponatis
1360 1977 1413 2033 in
1436 1978 1761 2045 crastinum,
1790 1978 1928 2037 sicut
1949 1980 2081 2038 nihil
2184 1970 2489 2037 inﬁrmitate
2526 1979 2768 2046 corporis
2795 1976 3114 2047 impeditur,
3148 1978 3292 2059 itane
3317 1978 3731 2062 desipimusasa-

488 2076 757 2145 reponunt
782 2069 1014 2137 volatilia
1042 2070 1186 2131 caeli.
1220 2070 1276 2127 Si
1304 2079 1481 2127 autem
1512 2071 1711 2143 aliquid
1734 2088 1997 2145 reponere
2024 2075 2078 2133 in
2183 2077 2313 2132 Dore
2357 2064 2583 2131 Christi.
2628 2074 2688 2131 ut
2725 2081 2831 2129 non
2874 2067 3232 2151 intelligamus
3262 2079 3491 2142 quantus
3511 2073 3729 2145 superbia

487 2163 815 2229 crastinum.
864 2172 1040 2235 potest
1077 2178 1187 2221 non
1222 2179 1343 2220 esse
1382 2175 1567 2221 contra
1609 2165 1960 2236 Evangelium
1985 2167 2079 2225 ubi

485 2256 686 2319 dictum
724 2266 840 2325 est,
882 2257 1137 2329 Respicite
1170 2255 1398 2317 volatilia
1430 2256 1543 2314 caeli
1561 2300 1576 2325 ,
1604 2258 1724 2329 quia
1748 2275 1904 2330 neque
1926 2257 2076 2315 semi-

483 2359 639 2417 nanl,
687 2366 845 2422 neque
887 2358 1075 2411 metunt
1096 2391 1111 2417 ,
1160 2367 1316 2423 neque
1354 2359 1655 2423 congregant
1679 2350 1735 2407 in
1762 2352 2074 2422 apothecas;

483 2451 661 2514 potest
696 2443 858 2506 etiam
889 2459 994 2501 non
1022 2457 1143 2499 esse
1170 2452 1356 2499 contra
1388 2442 1737 2513 Evangelium
1765 2458 1866 2499 nec
1888 2452 2073 2501 contra

484 2538 1217 2608 similitudinem,volatilium
1263 2539 1385 2603 caeli
1418 2579 1433 2605 ,
1481 2538 1644 2594 vitam
1692 2537 1848 2594 istam
1894 2538 2072 2601 carnis

482 2633 775 2703 corporalis
794 2632 1121 2703 Operationis
1140 2631 1323 2689 labore
1345 2632 1659 2703 transigere.

550 2726 779 2789 CAPUT
804 2725 990 2791 XXIV.
1013 2757 1084 2768 --
1109 2726 1197 2787 3i.
1226 2725 1434 2796 Aliquid
1458 2727 1510 2781 in
1535 2726 1809 2781 crastinum
1831 2740 2072 2797 reponere

480 2834 582 2873 non
623 2816 876 2888 pro/liberi
908 2834 1011 2891 per
1052 2815 1404 2889 Evangelium.
1436 2816 1492 2871 Si
1523 2817 1663 2875 enim
1690 2826 1979 2888 urgeantur
2001 2830 2071 2872 ex

480 2910 796 2981 Evangelia,
820 2918 878 2973 ut
898 2908 1031 2973 nihil
1060 2919 1318 2979 reponant
1341 2910 1393 2965 in
1414 2909 1705 2966 crastinum
1731 2926 1745 2978 ;
1768 2902 2070 2973 rectissime

479 3003 805 3074 respondent
841 3021 855 3057 :
892 3002 998 3065 Cur
1033 3003 1306 3075 ergoipse
1330 3003 1587 3060 Dominus
1614 3003 1818 3061 loculos
1848 3003 2066 3070 habuit,

478 3098 569 3157 ubi
610 3098 888 3169 pecuniam
932 3097 1211 3154 collectam
1251 3106 1539 3168 reponeret
1584 3097 1763 3170 (Joan.
1803 3114 1918 3166 ιιι,
1964 3096 2069 3169 6)?

476 3188 584 3249 Cur
613 3198 760 3255 tanto
784 3199 943 3259 ante,
984 3189 1125 3257 fame
1150 3191 1460 3257 imminente
1488 3193 1505 3223 ¹
1532 3233 1547 3258 ,
1580 3191 1844 3249 frumenta
1868 3190 2069 3248 sanctis

479 3283 718 3355 patribus
758 3284 920 3343 missa
962 3291 1087 3343 sunt
1131 3282 1266 3356 (Aet.
1311 3298 1397 3348 ιι,
1437 3280 1670 3356 28-50)?
1697 3283 1801 3339 Cur
1826 3281 2068 3353 Apostoli

479 3374 560 3429 sic
595 3375 898 3445 indigentiae
923 3385 1228 3433 sanctorum
1253 3378 1553 3433 necessaria
1584 3388 1973 3447 procurarunt,
2001 3394 2068 3436 ne

479 3468 695 3525 deesset
720 3468 771 3527 in
798 3476 1067 3538 posterum
1090 3510 1105 3535 ,
1134 3477 1194 3527 ut
1214 3468 1552 3533 beatissimus
1578 3469 1773 3529 Paulus
1794 3470 1859 3533 ad
1881 3469 2069 3527 Corin-

479 3558 620 3615 thios
648 3559 701 3617 in
731 3559 965 3630 Epistula
992 3560 1250 3616 scriberet
1279 3577 1293 3616 :
1322 3559 1400 3619 De
1423 3561 1645 3615 collectis
1670 3570 1840 3619 autem
1866 3562 1919 3618 in
1947 3580 2068 3630 san-

477 3663 618 3723 ctos,
660 3653 789 3713 sicut
826 3653 1058 3711 ordinavi
1104 3653 1344 3711 Eeelesiis
1386 3653 1633 3721 Galatite,
1671 3655 1744 3710 ita
1785 3666 1831 3711 et
1870 3672 1956 3713 vos
1983 3661 2069 3729 fa-

477 3746 575 3805 cite
599 3761 619 3800 :
642 3745 918 3809 secundum
945 3762 1098 3803 unum
1123 3747 1318 3802 sabbati
1340 3746 1678 3818 unusquisque
1696 3757 1908 3805 oestrum
1928 3749 2071 3821 apud

477 3854 531 3894 se
560 3847 714 3909 ponat
742 3840 762 3871 '
785 3879 798 3903 ,
823 3837 1168 3901 tkmurizam
1194 3839 1329 3908 quod
1352 3842 1396 3894 ei
1420 3838 1700 3910 placuerit;
1727 3849 1779 3896 ut
1804 3858 1930 3908 non,
1954 3858 2069 3905 cum

394 3971 411 3981 .
477 3945 661 3991 venero
677 3969 691 3996 ,
723 3938 841 3993 tunc
866 3929 1085 3995 collecte
1108 3930 1253 3999 fiant.
1283 3927 1413 3997 Cum
1436 3939 1606 3991 autem
1628 3932 1893 4000 advenero,
1911 3949 2066 4004 quos-

476 4040 687 4095 cumque
736 4025 1062 4096 probaueritis
1088 4042 1177 4096 per
1203 4026 1472 4096 epistolas,
1505 4026 1598 4087 nos
1622 4029 1817 4085 mittam
1846 4032 2069 4101 perferre

474 4119 693 4191 gratiam
729 4126 945 4179 vestram
984 4118 1039 4181 in
1079 4119 1382 4177 Jerusalem.
1429 4119 1582 4189 Quod
1607 4123 1654 4179 si
1681 4122 1891 4195 dignum
1916 4124 2069 4194 fuerit

442 4226 445 4229 '
474 4221 532 4271 ut.
570 4223 616 4269 et
661 4229 752 4283 ego
794 4229 935 4279 eam,
976 4201 1169 4269 mecum
1204 4212 1343 4271 ibunt
1375 4213 1417 4289 (Ι
1445 4213 1565 4272 Cor.
1591 4232 1680 4273 xvn
1702 4257 1716 4283 ,
1751 4217 1917 4286 ι-ιιι
1943 4217 2070 4277 ΙΙωο

474 4314 530 4361 et
579 4306 680 4365 alia
728 4306 893 4363 multa
941 4305 1309 4375 copiosissime
1348 4315 1405 4363 et
1446 4307 1725 4367 verissime
1771 4308 2064 4379 proferunt.

474 4395 675 4465 Quibus
716 4395 1102 4467 respondemus
1133 4414 1146 4457 :
1182 4397 1384 4455 Videtis
1420 4414 1583 4469 ergo,
1615 4401 1857 4471 quamvis
1883 4402 2066 4459 Domi-

474 4505 576 4553 nus
600 4488 827 4557 dixerit,
857 4487 1032 4549 Nolite
1057 4491 1277 4562 cogitare
1300 4492 1354 4551 in
1381 4493 1698 4561 crastinum;
1728 4510 1833 4553 non
1859 4511 1955 4553 vos
1980 4505 2066 4553 ta-

474 4600 597 4643 men
618 4585 735 4643 istis
760 4583 938 4643 verbis
956 4585 1073 4655 cogi
1104 4592 1161 4643 ut
1186 4582 1315 4643 nihil
1344 4584 1397 4643 in
1423 4585 1717 4645 crastinum
1736 4590 2064 4647 reservetis:

474 4693 571 4733 cur
619 4693 749 4750 ergo
789 4678 980 4736 iisdem
1022 4677 1201 4737 verbis
1227 4693 1324 4735 vos
1350 4679 1469 4750 cogi
1497 4679 1707 4747 dicitis,
1740 4690 1798 4739 ut
1825 4684 2067 4740 vacetis?

473 4770 580 4827 Cur
606 4770 839 4828 volatilia
864 4771 988 4828 cteli
1013 4786 1122 4830 non
1150 4770 1302 4829 vobis
1322 4781 1446 4829 sunt
1465 4773 1712 4845 exemplo
1734 4774 1802 4833 ad
1828 4776 1959 4834 nihil
1983 4793 2069 4835 re-

473 4862 829 4931 servandum,
869 4872 925 4919 et
958 4865 1121 4921 vultis
1151 4872 1213 4920 ut
1252 4863 1360 4921 sint
1396 4866 1646 4937 exemplo
1683 4867 1752 4924 ad
1781 4867 1912 4925 nihil
1934 4883 2067 4941 ope-

473 4956 701 5011 randum
720 4956 745 5011 ?
1666 4977 1672 4984 ‘

545 5045 775 5104 CAPUT
801 5046 970 5104 XXV.
996 5077 1069 5101 —.
1094 5048 1185 5119 53.
1218 5047 1439 5123 Negotia
1466 5052 1640 5124 priora
1665 5051 1927 5126 reliquisse
1945 5054 2067 5126 quid

474 5139 665 5213 prosit,
711 5141 758 5195 si
799 5139 969 5195 adhuc
991 5141 1342 5199 laborandum.
1367 5143 1663 5202 Communis
1681 5148 1796 5204 vitae
1818 5148 2062 5206 elsaritas.

477 5232 694 5304 Operari
722 5235 861 5290 decet
888 5235 1037 5290 etiam
1063 5236 1150 5306 qui
1172 5253 1236 5292 ea:
1255 5238 1359 5293 vita
1378 5240 1651 5297 excelsiore
1673 5252 2028 5300 convertuntur
2044 5286 2061 5314 ,

473 5330 562 5385 sed
600 5331 756 5384 multo
792 5329 956 5401 magis
995 5331 1084 5400 qui
1119 5347 1180 5385 ea:
1205 5332 1305 5386 vita
1334 5332 1618 5390 humiliore.
1650 5334 1797 5392 Dicet
1825 5337 2015 5409 aliquis
2046 5358 2061 5394 :

474 5422 607 5488 Quid
648 5438 776 5497 ergo
814 5421 1031 5494 prodest
1056 5436 1212 5481 servo
1243 5424 1368 5493 Dei,
1401 5425 1542 5495 quod
1573 5425 1837 5511 prioribus
1861 5428 2065 5497 actibus

474 5528 609 5586 quos
647 5516 699 5571 in
737 5515 933 5572 saeculo
964 5514 1194 5575 habebat
1216 5516 1450 5584 relictis,
1478 5516 1546 5574 ad
1572 5515 1711 5581 hanc
1733 5519 2063 5591 spiritualem

540 5654 557 5685 ι
593 5652 778 5767 aliquot
792 5658 921 5724 uss,
954 5654 1132 5726 lentem
1150 5652 1490 5706 itmrtineruem.
1513 5661 1569 5708 Et
1583 5656 1704 5710 intra
1723 5658 2060 5724 dunvaticani,

540 5735 648 5767 erlis
695 5715 903 5766 ratrtbus
925 5729 1072 5767 massa
1089 5722 1215 5767 81ml.

469 5727 648 5779 sam-(i3
675 5715 903 5767 fratribus
1089 5722 1215 5767 81ml.

536 5792 557 5825 s
579 5798 653 5840 Sic
681 5791 785 5833 hlss.
810 5783 865 5828 At
889 5777 1025 5840 editi,
1051 5782 1266 5842 reponat.

2180 2154 2375 2223 prioris
2416 2164 2591 2219 tumor
2626 2164 2879 2226 sanetur,
2919 2174 3039 2225 cum
3079 2160 3415 2223 circumcisis
3452 2165 3725 2234 superﬂuis,

2179 2248 2368 2319 quibus
2407 2257 2531 2311 ante
2569 2250 2778 2313 animus
2803 2252 3143 2319 exitiabiliter
3171 2251 3650 2329 inﬂammabatur‘,
3674 2258 3726 2317 ad

2178 2338 2388 2395 modica
2428 2356 2548 2411 qua:
2585 2350 2791 2399 restant
2828 2342 2950 2409 huic
2981 2342 3100 2407 vitae
3129 2334 3445 2413 naturaliter
3472 2350 3724 2413 necessaria

2176 2429 2337 2494 etiam
2372 2430 2578 2502 opiiicis
2615 2434 2885 2489 humilitas
2917 2437 3136 2499 minime
3163 2439 3482 2505 recusetur?
3504 2440 3555 2505 Si
3581 2452 3723 2505 autem

2174 2523 2242 2578 ad
2283 2524 2419 2580 hanc
2457 2527 2620 2581 vitam
2661 2543 2724 2583 ex
2752 2518 3065 2605 paupertate
3088 2535 3449 2602 convertitur,
3483 2550 3580 2603 non
3606 2544 3723 2611 putet

2173 2630 2233 2672 se
2272 2617 2325 2679 id
2351 2634 2511 2689 agere
2549 2619 2689 2691 quod
2718 2622 2940 2692 agebat,
2981 2624 3025 2679 si
3062 2623 3132 2680 ab
3168 2640 3358 2689 amore
3392 2626 3473 2691 vel
3508 2627 3721 2701 augendae

2173 2709 2667 2781 quantulaecumque
2687 2710 2708 2743 ⁸
2733 2712 2808 2767 rei
2835 2714 3053 2782 privatas
3077 2755 3091 2780 ,
3111 2714 3220 2784 jam
3244 2733 3355 2785 non
3374 2734 3606 2789 quaerens
3630 2734 3720 2799 qua

2172 2812 2271 2872 sua
2308 2808 2469 2866 sunt,
2507 2800 2602 2855 sed
2632 2818 2750 2873 qua:
2778 2802 2903 2858 Jesu
2938 2804 3135 2867 Christi
3176 2805 3341 2877 (Ibid.
3367 2808 3460 2882 2i)
3479 2851 3493 2876 ,
3522 2810 3583 2871 ad
3607 2824 3720 2871 com-

2172 2892 2349 2949 munis
2378 2892 2499 2947 vitte
2526 2908 2587 2950 se
2615 2896 2880 2961 transtulit
2912 2900 3228 2963 charilatem
3249 2942 3265 2969 ,
3296 2902 3349 2961 in
3381 2917 3559 2969 eorum
3585 2905 3719 2961 socie-

2174 2990 2281 3039 tate
2315 2983 2584 3054 victurus,
2621 2988 2812 3059 quibus
2850 2998 2932 3053 est
2966 2990 3144 3057 anima
3183 3008 3287 3057 una
3322 3002 3378 3059 et
3402 3010 3495 3059 cor
3522 3010 3659 3067 unum
3680 2996 3719 3050 in

2172 3073 2340 3130 Deum
2359 3116 2374 3143 ,
2417 3074 2489 3137 ita
2530 3084 2587 3141 ut
2625 3093 2784 3134 nemo
2809 3079 2950 3137 dicat
2971 3081 3171 3164 aliquid
3200 3087 3473 3157 proprium
3493 3128 3507 3152 .
3536 3087 3618 3149 sed
3639 3086 3719 3149 Sint

2172 3165 2275 3223 illis
2312 3169 2489 3224 omnia
2533 3172 2836 3235 communia
2885 3173 3024 3247 (Act.
3073 3192 3159 3243 IV,
3202 3176 3321 3253 52).
3355 3179 3410 3235 Si
3439 3181 3572 3237 enim
3598 3181 3719 3257 hujus

2173 3268 2397 3316 terrente
2442 3261 2747 3332 reipublicae
2787 3265 2989 3336 antiqui
3036 3268 3311 3347 principes
3357 3273 3718 3342 praeclarissimo

2170 3352 2525 3415 litteratorum
2564 3370 2784 3415 suorum
2823 3358 3037 3439 eloquio
3074 3362 3355 3437 pra-dicari
3384 3366 3580 3433 solent,
3607 3364 3718 3437 quod

2169 3460 2285 3500 rem
2315 3460 2656 3515 communem
2686 3448 2919 3513 universi
2944 3453 3123 3531 populi
3153 3469 3265 3515 sua:
3295 3457 3519 3521 civitatis
3540 3458 3718 3539 privatis

2169 3540 2281 3595 suis
2308 3540 2473 3598 rebus
2499 3542 2578 3599 sic
2605 3544 3031 3627 anteponebant,
3064 3554 3122 3614 ιιι
3143 3548 3360 3627 quidam
3382 3568 3557 3617 eorum
3573 3551 3715 3615 Africa

2169 3631 2400 3689 edomita
2449 3634 2837 3705 triumphator,
2878 3638 3007 3715 quid
3045 3639 3268 3705 nubenti
3306 3644 3430 3701 ﬁliae
3465 3644 3603 3709 daret
3632 3661 3715 3701 non

2170 3722 2412 3782 habuerit
2431 3768 2449 3796 ,
2488 3727 2591 3782 nisi
2621 3742 2689 3785 ex
2723 3732 3185 3793 senatusconsulto
3212 3733 3284 3795 de
3310 3736 3515 3806 publico
3541 3738 3713 3795 dotare-

2170 3827 2255 3874 tur
2294 3819 2369 3895 (a)
2401 3839 2415 3877 :
2444 3839 2551 3906 quo
2585 3824 2764 3885 animo
2792 3826 2953 3887 debet
2976 3843 3095 3885 esse
3123 3830 3176 3886 in
3202 3834 3572 3904 rempublicam
3595 3848 3710 3889 suam

2169 3911 2301 3971 civis
2340 3925 2555 3970 aeterna:
2592 3916 2739 3975 illius
2775 3918 3003 3983 civitatis
3038 3922 3713 3994 Jerusalemctelestismisi

2170 4011 2228 4063 ut
2272 4003 2403 4065 illud
2452 4006 2625 4079 ipsum
2669 4011 2812 4080 quod
2850 4014 3080 4083 prapriis
3115 4016 3366 4081 manibus
3400 4019 3644 4083 elaborat,
3671 4018 3712 4072 in

2170 4112 2453 4155 commune
2474 4100 2665 4179 habeat
2684 4117 2804 4163 cum
2833 4103 2997 4169 fratre
3019 4148 3035 4174 ,
3058 4116 3114 4164 et
3131 4108 3179 4167 si
3202 4110 3331 4181 quid
3355 4113 3403 4167 ei
3424 4110 3639 4175 defuerit,
3661 4108 3713 4164 de

2170 4191 2439 4249 communi
2464 4194 2747 4265 suppleat;
2775 4196 2959 4265 dicens
2984 4214 3106 4263 cum
3134 4201 3229 4259 illo
3253 4204 3410 4277 cujus
3436 4211 3708 4277 prteceptum

2171 4285 2577 4361 exemplumque
2639 4298 2857 4349 secutus
2910 4302 3024 4362 est,
3068 4294 3228 4363 Quasi
3268 4299 3399 4367 nihil
3436 4298 3647 4363 habent»
3674 4304 3710 4353 σε

2170 4378 2341 4435 omnia
2366 4379 2678 4449 possidentes
2707 4381 2774 4453 (ιι
2799 4381 2918 4439 Cor.
2948 4400 3033 4453 vr,
3066 4386 3205 4459 10)?

2240 4471 2330 4527 33.
2352 4469 2713 4543 Quamobrem
2740 4474 2901 4543 etiam
2931 4476 3006 4541 illi
3032 4479 3122 4547 qui
3147 4480 3333 4545 relicta
3353 4482 3438 4547 vel
3452 4480 3704 4545 distributi.

2170 4562 2283 4633 sive
2311 4564 2488 4636 ampla
2512 4605 2529 4633 ,
2550 4565 2667 4634 sive
2689 4567 3068 4640 qualicumque
3088 4571 3340 4641 opulenta
3368 4574 3615 4639 facultate.
3640 4572 3706 4631 in-

2172 4664 2254 4713 ter
2287 4670 2548 4739 pauperes
2578 4657 2777 4729 Christi
2812 4660 2899 4731 pia
2924 4671 2978 4729 et
3009 4663 3209 4729 salubri
3241 4665 3527 4731 humilitate
3558 4676 3706 4725 nume-

2169 4749 2278 4815 rari
2315 4750 2635 4820 voluerunt;
2663 4753 2711 4819 si.
2738 4755 3066 4825 carcerein
3094 4757 3305 4827 valent.
3333 4768 3386 4823 ct
3411 4761 3476 4823 ab
3499 4756 3703 4823 ccclesii-

2170 4846 2320 4905 sticis
2357 4846 2794 4918 occupationibus
2827 4857 3020 4915 vacant
3050 4850 3374 4929 (quamquam
3399 4854 3474 4910 eis
3497 4862 3591 4911 tam
3618 4863 3702 4905 ma-

2124 4993 2130 5011 ,
2168 4954 2332 5011 gnum
2355 4941 2521 5009 animi
2539 4940 2621 5007 sui
2640 4940 3018 5009 documentum
3041 4943 3381 5009 “latentibus
3400 4988 3414 5013 ,
3438 4954 3489 5005 et
3506 4944 3698 5015 eiusdem

2170 5032 2439 5098 societatis
2465 5032 2770 5103 indigentia
2797 5033 2866 5095 de
2890 5034 2978 5097 his
3004 5037 3165 5098 rebus
3190 5053 3325 5107 quas
3346 5038 3614 5099 habebant.
3634 5029 3697 5087 vel

2169 5125 2456 5196 Plurimum
2479 5126 2565 5184 vel
2604 5141 2712 5189 non
2753 5144 2939 5200 parum
2958 5129 3356 5192 conferentibus
3372 5172 3388 5202 ,
3430 5133 3579 5189 vicem
3607 5138 3695 5182 sus-

2233 5351 2251 5416 ξ
2285 5348 2359 5416 sic
2377 5354 2484 5398 Mss.
2510 5348 2724 5416 Aretini,
2742 5347 2956 5416 opifices.

2231 5411 3247 5488 ἶέίρίωεθεμίείλθεάνὲάισιάευαρενςι
3351 5474 3433 5488 ,.

2233 5474 2261 5555 1
2284 5480 2400 5555 Β.υῆ
2408 5465 3079 5555 sentientis
3517 5465 3685 5543 W‘

2169 5532 2334 5587 debuit
2374 5532 2703 5600 relinquendi."
2743 5532 2829 5589 Alii
2853 5532 3077 5603 quidam,
3234 5532 3489 5601 nobistetcl

2232 5598 2255 5665 ff
2288 5598 2457 5665 Plures
2475 5606 2603 5662 Mss,
2626 5598 2905 5665 igtﬂabalur.
2946 5662 2957 5665 Α

2232 5607 2255 5631 ι
2288 5607 2457 5650 plures
2475 5607 2603 5662 Mss,
2626 5607 2905 5665 intueatur.

2231 5662 2253 5730 ’ξ
2286 5661 2359 5730 .Sic
2379 5669 2485 5730 tiss-
2515 5668 2568 5713 Αι
2590 5662 3255 5730 θᾷίιίνηιιριιυιυριιωησιωο

2172 5723 2498 5851 ald(t‘léps‘tltliatznio.
2511 5722 2831 5851 ἔίξιᾱίξιιιόι.
2857 5726 2943 5781 lib.
2967 5728 3018 5791 4,
3041 5722 3222 5794 mp5s,
3245 5735 3295 5782 et
3312 5734 3420 5781 ιω.
3434 5723 3477 5789 ι
3492 5722 3679 5776 etiam

2478 5821 2494 5849 ,
2606 5822 2618 5836 .
2710 5823 2722 5836 .

2478 5821 2494 5849 ’
2511 5821 2618 5849 ναιιι
2650 5821 2722 5837 ι-.
