3880 6284
155 332 242 390 5η
1533 319 1735 375 LIBER
1765 320 1962 380 unus.

154 443 379 503 tentanda:
413 441 535 496 vitae
595 454 773 495 eorum
804 452 891 494 res
921 439 1033 508 ipsa
1060 436 1358 491 communis
1385 444 1438 490 et
1466 436 1697 491 fraterna

150 539 347 595 charitas
364 532 575 602 debeat)
601 574 614 597 ,
641 539 816 585 tamen
839 529 882 584 si
909 514 962 584 et
993 529 1089 599 ipsi
1113 528 1359 583 manibus
1380 540 1695 599 operemur,

152 640 195 683 ut
218 627 359 698 pigris
387 640 448 679 ex
478 624 589 678 vita
611 622 892 677 humiliore
911 629 965 675 et
984 620 1053 675 ob
1080 620 1182 675 hoc
1205 620 1579 675 exercitatiore
1607 634 1699 674 ve-

149 719 375 777 nientibus
393 716 633 771 auferant
651 714 1045 770 excusationem
1074 730 1087 779 ;
1112 712 1279 768 multo
1300 712 1700 767 misericordius

148 822 308 883 agunt,
335 824 487 880 quam
514 822 634 863 cum
665 806 843 861 omnia
873 821 967 859 sua
996 805 1353 875 indigentibus
1383 804 1696 859 diviserunt.

146 905 265 975 Quod
300 902 502 975 quidem
544 902 588 956 si
624 901 796 955 nolint
820 941 834 965 ,
874 900 993 970 quis
1017 898 1211 953 audeat
1239 899 1471 968 cogere?
1498 898 1700 966 Quibus

148 1011 288 1054 tamen
331 995 644 1051 invenienda
682 1004 805 1049 sunt
830 1008 991 1063 opera
1021 994 1071 1047 in
1103 992 1426 1047 monasterio
1446 1035 1460 1055 ,
1490 992 1699 1046 etiamsi

145 1109 167 1145 a
195 1089 430 1160 corporali
461 1087 737 1142 iunctione
762 1086 1009 1142 liberiora
1033 1128 1045 1150 ,
1078 1085 1172 1139 sed
1201 1085 1439 1155 vigilanti
1474 1083 1700 1139 admini-

145 1183 360 1237 stratione
387 1178 622 1235 curanda
644 1219 659 1245 ,
689 1188 747 1234 ut
772 1194 871 1233 nec
891 1179 987 1248 ipsi
1017 1193 1206 1248 panem
1230 1192 1384 1232 suum
1408 1220 1421 1241 ,
1450 1177 1698 1247 quoniam

144 1274 400 1332 communis
432 1274 543 1343 jam
574 1272 744 1327 l’actus
773 1280 886 1336 est,
919 1272 1081 1340 gratis
1112 1270 1433 1324 manducent
1462 1269 1561 1339 (a).
1592 1268 1702 1323 Nec

144 1365 479 1421 attendendum
510 1373 593 1419 est
614 1364 669 1418 in
686 1364 873 1433 quibus
892 1362 1247 1426 monasteriis,
1267 1364 1349 1416 vel
1368 1362 1419 1415 in
1440 1377 1544 1431 quo
1560 1361 1696 1426 loco,

143 1462 459 1533 indigentibus
506 1460 760 1515 fratribus
798 1460 1021 1529 quisque
1067 1457 1117 1511 id
1161 1456 1300 1527 quod
1342 1456 1569 1510 habebat
1598 1455 1699 1508 im-

143 1556 360 1626 penderit.
387 1554 639 1609 Omnium
668 1553 809 1608 enim
834 1550 1253 1607 Christianorum
1281 1564 1382 1604 una
1404 1548 1702 1619 respublica

142 1661 218 1707 est.
255 1650 313 1705 Et
352 1649 471 1705 ideo
521 1650 764 1720 quisquis
810 1647 1125 1703 Christianis
1154 1647 1451 1701 necessaria
1483 1646 1703 1701 ubilibet

141 1746 430 1816 erogaverit,
466 1744 791 1814 ubicumque
820 1744 977 1796 etiam
1013 1742 1123 1812 ipse
1150 1741 1290 1811 quod
1321 1741 1420 1794 sibi
1451 1754 1700 1794 necessa-

140 1837 250 1891 rium
276 1844 351 1891 est
373 1835 600 1905 accipit,
632 1834 699 1889 de
725 1833 920 1889 Christi
949 1833 1103 1887 bonis
1131 1832 1324 1903 accipit
1351 1832 1386 1883 ¹.
1420 1831 1551 1897 Quia
1582 1830 1702 1885 ubi-

140 1944 329 1998 cumque
359 1936 412 1983 et
435 1928 558 1997 ipse
586 1926 781 1981 talibus
801 1926 979 1990 dedit,
1012 1925 1130 1996 quis
1160 1925 1257 1978 nisi
1284 1923 1525 1978 Christus
1548 1938 1701 1977 acce-

140 2019 231 2089 pit?
255 2018 327 2074 illi
353 2029 535 2076 autem
565 2020 653 2090 qui
677 2020 834 2074 etiam
866 2026 1059 2087 praeter
1088 2016 1243 2072 istam
1271 2025 1505 2070 sanctam
1534 2015 1703 2069 socie-

139 2120 267 2167 tatem
291 2112 446 2166 vitam
481 2111 670 2167 labore
699 2110 937 2180 corporis
965 2109 1322 2178 transigebant
1344 2150 1356 2172 ,
1388 2123 1453 2162 ex
1480 2122 1703 2177 quorum

136 2219 324 2258 numero
346 2204 535 2273 plures
562 2202 627 2257 ad
656 2202 977 2257 monasteria
1007 2201 1262 2266 veniunt,
1292 2200 1413 2270 quia
1436 2208 1489 2252 et
1516 2200 1566 2253 in
1589 2199 1705 2268 ipso

138 2296 333 2349 humano
373 2310 582 2365 genere
624 2293 806 2364 plures
844 2300 1007 2361 sunt;
1038 2294 1082 2347 si
1117 2292 1304 2346 nolunt
1334 2291 1541 2360 Operari
1563 2332 1575 2354 ,
1607 2304 1706 2345 nec

137 2390 436 2444 manducent.
500 2387 683 2460 Neque
724 2386 865 2442 enim
906 2396 1183 2456 propterea
1234 2385 1287 2438 in
1334 2383 1515 2438 militia
1562 2382 1704 2436 chri-

137 2484 273 2537 stiana
313 2483 376 2537 ad
416 2484 678 2553 pietatem
721 2466 919 2535 divites
948 2480 1294 2535 humiliantur
1315 2520 1328 2544 ,
1358 2489 1418 2533 ut
1448 2491 1706 2548 pauperes

137 2576 187 2629 ad
221 2576 516 2646 superbiam
550 2574 897 2629 extollantur.
932 2572 1087 2627 Nullo
1115 2572 1273 2627 modo
1296 2572 1437 2629 enim
1464 2571 1619 2625 decet
1650 2578 1706 2624 ut

138 2673 177 2724 in
205 2686 259 2725 ea
295 2672 395 2725 vita
421 2670 521 2724 ubi
552 2670 681 2723 liunt
712 2677 987 2723 senatores
1014 2666 1299 2731 laboriosi,
1334 2665 1405 2720 ibi
1439 2666 1564 2721 fiant
1592 2664 1707 2735 Opi-

141 2767 243 2817 ﬁces
278 2764 430 2819 otiosi
463 2780 477 2828 ;
524 2770 578 2817 et
620 2778 725 2833 quo
763 2761 982 2815 veniunt
1021 2760 1217 2816 relictis
1247 2759 1450 2815 deliciis
1476 2759 1586 2813 suis
1616 2759 1705 2831 qui

146 2856 323 2912 fuerant
350 2855 677 2927 praediorum
700 2854 935 2919 domini,
966 2853 1035 2908 ibi
1065 2853 1373 2908 sintrustici
1402 2852 1630 2906 delicati.

192 2949 393 3005 CAPUT
438 2946 632 3003 XXVI.
662 2979 730 2987 —
762 2947 848 3001 54.
877 2945 1141 3012 Quomodo
1168 2944 1547 3016 intelligendum
1570 2959 1703 3014 prte-

141 3052 306 3110 ceptum
350 3040 522 3105 illud,
566 3047 621 3093 ut
664 3056 724 3093 ne
767 3038 972 3093 solliciti
1021 3038 1176 3091 simtts
1201 3038 1263 3089 de
1291 3037 1399 3090 cibo
1427 3046 1471 3089 et
1505 3036 1703 3091 vestitu.

144 3130 370 3197 Quomodo
402 3130 755 3201 accipiendum
784 3128 915 3183 illud
934 3172 949 3195 ,
980 3129 1042 3182 de
1061 3128 1346 3182 volatilibus
1370 3128 1484 3181 cteli
1512 3138 1557 3181 et
1586 3129 1707 3187 liliis

141 3224 243 3291 agri.
270 3223 331 3278 At
369 3223 518 3279 enim
564 3222 818 3276 Dominus
847 3221 919 3274 ait
951 3239 964 3275 :
994 3218 1171 3274 Nolite
1210 3220 1411 3273 solliciti
1441 3236 1546 3274 esse
1591 3221 1704 3274 ani-

142 3330 216 3367 ma
252 3316 364 3386 quid
414 3314 756 3379 manducetis,
803 3329 961 3382 neque
1004 3312 1204 3382 corpori
1248 3311 1369 3381 quid
1406 3312 1701 3365 vestiamini.

142 3406 301 3477 Recte,
352 3407 611 3479 quoniam
665 3420 823 3476 supra
869 3403 1077 3459 dixerat
1132 3423 1144 3458 :
1203 3402 1324 3457 Non
1365 3404 1567 3474 potestis
1595 3401 1705 3458 Deo

141 3499 291 3553 servire
316 3509 361 3553 et
391 3513 713 3553 mammonae.
756 3496 855 3564 Qui
905 3497 1045 3550 enim
1074 3502 1289 3565 propter
1320 3494 1421 3549 hoc
1460 3495 1702 3563 Evange-

144 3588 243 3643 lium
284 3590 571 3661 praedicat,
623 3599 678 3643 ut
724 3587 917 3642 habeat
960 3586 1098 3640 unde
1136 3572 1445 3649 manducet,
1486 3593 1539 3640 et
1565 3584 1705 3640 unde

144 3682 359 3737 vestiatur
378 3724 394 3748 ,
423 3681 578 3737 simul
626 3694 684 3736 se
725 3689 873 3749 putat
901 3687 953 3733 et
982 3678 1091 3733 Deo
1116 3677 1320 3732 servire
1339 3718 1354 3744 ,
1386 3677 1504 3749 quia
1533 3677 1705 3731 Evan-

143 3771 303 3840 gelium
344 3773 635 3843 prcedicat;
687 3778 741 3826 et
787 3784 1141 3833 mammonrc,
1174 3767 1294 3837 quia
1349 3775 1562 3837 propter
1602 3767 1702 3821 ista

144 3867 407 3921 necessaria
450 3864 705 3935 prmdicat
751 3880 764 3916 :
811 3861 951 3933 quod
983 3862 1237 3933 Dominus
1274 3859 1403 3914 dicit
1452 3860 1564 3915 fieri
1594 3876 1701 3915 non

146 3968 291 4022 posse.
334 3958 413 4011 Ac
457 3970 554 4025 per
582 3954 684 4007 hoc
711 3952 800 4007 ille
834 3942 936 4021 ’qui
965 3960 1201 4020 propter.
1226 3951 1325 4005 ista
1356 3950 1700 4020 Evangelium

146 4043 366 4111 praedicat
384 4089 397 4111 ,
428 4061 533 4099 non
558 4044 669 4098 Deo
687 4086 701 4111 ,
735 4043 826 4097 sed
855 4057 1172 4096 mammonae
1200 4040 1400 4095 servire
1428 4040 1701 4095 convinci-

147 4141 239 4201 tur;
267 4138 357 4193 etsi
386 4137 529 4193 Deus
574 4136 664 4191 iilo
707 4135 773 4189 ad
808 4135 1032 4189 aliorum
1065 4143 1403 4204 provectum,
1436 4132 1702 4203 quomodo

148 4226 239 4295 ipse
282 4229 477 4294 nescit,
517 4235 713 4282 utatur.
748 4226 876 4280 Nam
910 4225 1032 4279 huic
1078 4225 1355 4279 sententia:
1392 4224 1696 4294 subjungit,

146 4316 297 4375 dicens
315 4365 328 4389 ,
361 4320 485 4375 Ideo
508 4320 620 4374 dico
647 4319 782 4373 vobis
802 4361 815 4383 ,
846 4318 999 4373 nolite
1019 4318 1219 4371 solliciti
1251 4333 1355 4370 esse
1382 4316 1563 4371 anima:
1582 4315 1704 4386 quid

146 4414 417 4469 manducetis
438 4457 450 4481 ,
480 4430 640 4483 neque
662 4412 860 4480 corpori
888 4410 1008 4479 quid
1029 4409 1307 4463 vestiamini
1338 4425 1355 4461 :
1385 4423 1489 4462 non
1519 4417 1573 4461 ut
1602 4408 1701 4461 ista

146 4517 230 4557 non
257 4513 564 4573 procurent,
594 4513 849 4573 quantum
893 4500 1193 4555 necessitati
1233 4498 1360 4553 satis
1388 4500 1528 4563 est',
1561 4499 1703 4555 unde

147 4592 334 4653 honeste
380 4588 677 4670 potuerint;
728 4594 819 4649 scd
865 4602 920 4647 ut
967 4609 1071 4648 non
1121 4593 1217 4647 ista
1260 4592 1597 4656 intueantur,
1648 4600 1703 4647 et

148 4700 327 4759 propter
368 4692 467 4746 ista
512 4691 702 4743 faciant
747 4686 997 4758 quidquid
1044 4688 1094 4740 in
1146 4685 1413 4757 Evangelii
1446 4684 1702 4756 praedica-

149 4780 267 4834 tione
308 4782 327 4813 ³
373 4782 547 4836 facere
592 4780 864 4851 jubentur.
914 4778 1045 4832 Eam
1094 4777 1288 4847 quippe
1353 4777 1700 4833 intentionem

150 4884 283 4940 Quare
306 4875 426 4945 quid
469 4875 591 4940 liat,
629 4874 839 4927 oculum
866 4880 1018 4925 vocat
1055 4887 1064 4922 :
1094 4869 1235 4923 unde
1275 4870 1430 4938 paulo
1459 4870 1701 4940 superius

150 4959 423 5031 loquebatur
446 5007 460 5032 ,
512 4974 569 5019 ut
596 4964 661 5018 ad
700 4964 800 5017 hoc
826 4960 1208 5029 descenderet,
1236 4969 1289 5016 et
1312 4960 1521 5017 dicebat
1541 5003 1553 5024 ,
1598 4960 1703 5015 Lu-

152 5067 271 5107 cerna
302 5057 523 5126 corporis
563 5055 633 5107 tui
662 5063 732 5107 est
759 5054 934 5106 oculus
976 5061 1128 5105 tuus:
1151 5053 1193 5105 si
1233 5053 1405 5105 oculus
1432 5062 1545 5105 tuus
1580 5052 1703 5105 sim-

152 5144 246 5210 plex
278 5149 449 5216 fuerit,
502 5156 657 5202 totum
696 5162 879 5215 corpus
924 5154 1063 5199 tuum
1106 5143 1323 5198 lucidum
1360 5146 1489 5210 erit;
1528 5145 1571 5199 si
1589 5161 1702 5199 vero

204 5255 217 5285 ⁸
246 5263 349 5318 Vox,
372 5258 522 5320 bonis,
544 5271 606 5308 ex
628 5257 915 5320 auctoritate
939 5261 1014 5305 Er.
1038 5255 1185 5320 Lugd.
1211 5264 1330 5320 ven.
1350 5263 1459 5320 Lov.
1480 5258 1703 5320 restituta

155 5322 228 5366 est.
242 5325 309 5384 PP.
333 5318 641 5381 Benedictini,
662 5331 722 5369 ea
737 5319 787 5367 in
803 5324 946 5369 textu
966 5318 1161 5381 omissa,
1176 5318 1357 5370 addunt
1380 5319 1428 5369 in
1451 5319 1699 5384 margine:

159 5382 355 5471 «Saupple,
379 5383 537 5434 rebus.
554 5399 579 5427 ι
646 5389 704 5431 Μ.
803 5441 814 5452 ⁸
888 5441 900 5453 .
1556 5386 1557 5389 ‘

208 5501 220 5507 _
246 5448 359 5505 Mss"
385 5452 613 5507 quantum
631 5447 924 5507 necessitatis
939 5448 1024 5495 est.

348 5482 359 5505 ,
385 5479 613 5505 quantumst
632 5479 923 5505 smmi")
939 5479 1024 5495 υσυ-

207 5501 307 5569 {sic
454 5513 507 5557 At
541 5506 675 5569 editi,
700 5503 955 5569 ρτίεεοηίοε

185 5563 270 5633 ,ω
284 5574 379 5633 nuc
400 5576 588 5632 spectat
608 5563 762 5618 illa'B.
788 5568 1033 5618 Benedicti
1058 5568 1321 5633 praeceptio
1337 5570 1387 5618 in
1410 5568 1606 5633 Regulae
1620 5582 1701 5620 ca-

158 5630 237 5693 pite
258 5630 325 5693 t8,
344 5631 402 5680 de
417 5630 573 5693 Opere
597 5644 824 5681 manuum
850 5645 861 5678 :
894 5649 915 5675 ι
932 5630 1172 5682 Fratribus
1196 5630 1394 5681 inﬁrmis
1422 5630 1502 5682 vel
1525 5631 1703 5681 delica-

165 5699 184 5727 ι
201 5688 251 5755 tis
265 5691 371 5755 talis
389 5688 536 5755 Opera
558 5700 640 5743 aut
663 5706 742 5741 ars
764 5694 1062 5755 injungatur,
1090 5698 1145 5740 ut
1172 5706 1279 5755 nec
1298 5694 1437 5743 otiosi
1467 5696 1581 5752 sint,
1610 5708 1702 5744 nec

167 5750 1003 5821 tviolentia'laborisopprimantur,
1041 5750 1095 5821 ut
1128 5754 1405 5817 etiixgeutur
1442 5770 1452 5804 :
1494 5750 1699 5821 quorum

170 5812 476 5866 Iinbeciilitas
493 5817 553 5866 ab
569 5812 745 5879 abbate
770 5812 1117 5866 consideranda
1146 5812 1253 5866 esti
1265 5836 1285 5859 κ)

3295 332 3402 392 5η

1812 440 1988 491 oculus
2016 449 2129 493 tuus
2150 458 2359 510 nequam
2388 442 2568 512 fuerit,
2598 452 2755 497 totum
2792 462 2978 511 corpus
3005 456 3145 501 tuttm
3175 448 3399 503 tenebroo

1807 548 1917 585 sum
1944 534 2071 598 erit;
2115 534 2167 587 id
2199 545 2311 601 est,
2343 535 2464 589 talia
2496 546 2651 591 erunt
2690 537 2826 593 facta
2874 549 2959 593 tua
2981 582 2994 604 ,
3043 543 3212 611 qualis
3239 543 3398 599 fuerit
3474 592 3489 601 .

1808 625 2032 681 intentio
2060 634 2145 681 tua
2175 643 2270 682 cur
2293 644 2354 683 ea
2387 628 2565 684 iacias.
2596 631 2661 684 Et
2686 631 2753 684 ad
2784 630 2883 695 hoc
2912 634 3052 687 enim
3082 644 3137 688 ut
3165 636 3391 705 veniret,

1807 734 1966 790 supra
2022 720 2088 795 de
2132 722 2489 795 eleemosynis
2544 734 2901 796 prteceperat,
2956 726 3166 795 dicens,
3226 728 3398 786 Nolite

1807 812 2020 867 condere
2046 813 2181 867 vobis
2202 816 2462 869 thesauros
2487 816 2537 869 in
2560 816 2703 870 terris
2722 858 2738 882 ,
2778 816 2861 870 ubi
2890 834 3059 889 wrugo
3084 829 3129 874 et
3153 820 3285 875 tinea
3309 837 3398 876 ex~

1807 906 2070 969 terminat,
2099 917 2145 959 et
2179 907 2263 960 ubi
2304 912 2439 978 fures
2469 908 2715 975 effodiunt
2746 920 2791 964 et
2832 914 3086 982 furantur.
3124 914 3398 969 Recondite

1806 1011 1920 1050 vero
1950 998 2087 1051 vobis
2122 1001 2379 1054 thesauros
2405 1001 2457 1054 in
2486 1002 2609 1055 caelo
2629 1044 2643 1068 ,
2676 1000 2759 1055 ubi
2789 1018 2946 1071 neque
2971 1004 3101 1058 tinea
3128 1022 3287 1076 neque
3316 1024 3396 1061 ru-

1808 1089 1920 1159 bigo
1947 1091 2274 1155 exterminat,
2300 1101 2348 1145 et
2378 1092 2462 1146 ubi
2494 1096 2632 1163 fures
2663 1110 2763 1147 non
2804 1076 3095 1163 perfodiunt
3134 1108 3180 1151 et
3209 1100 3391 1171 {uran-

1807 1185 1906 1232 tur.
1940 1179 2038 1235 Ubi
2066 1180 2199 1234 enint
2226 1182 2319 1235 erit
2350 1183 2611 1237 thesaurus
2651 1192 2795 1248 tuus,
2826 1182 2894 1237 ibi
2920 1185 3011 1237 erit
3034 1195 3081 1239 et
3118 1204 3204 1240 cor
3230 1197 3392 1242 tuum.

1812 1273 2013 1329 Deinde
2066 1276 2371 1346 subjunxit,
2421 1276 2651 1331 Lucerna
2706 1280 2934 1349 corporis
2980 1281 3051 1333 tui
3099 1291 3171 1336 est
3219 1284 3396 1339 oculus

1808 1374 1921 1420 tuus
1952 1365 2163 1433 (Matth.
2207 1369 2279 1437 vt)
2328 1386 2341 1422 :
2388 1376 2446 1423 ut
2470 1368 2542 1424 illi
2572 1370 2775 1425 scilicet
2798 1372 2887 1441 qui
2926 1371 3294 1444 eleemosynas
3316 1374 3396 1429 fa-

1807 1460 1984 1528 ciunt,
2012 1478 2117 1516 non
2144 1478 2207 1517 ea
2255 1462 2451 1518 faciant
2494 1464 2818 1533 intentione,
2866 1474 2925 1520 ut
2964 1468 3394 1525 veiohomiuibus

1808 1553 1971 1606 velint
1996 1553 2225 1624 placere,
2255 1556 2334 1609 vel
2368 1557 2418 1609 in
2448 1564 2584 1610 terra
2616 1557 2715 1611 sibi
2741 1568 2979 1629 quaerant
3008 1561 3223 1630 rependi
3254 1562 3396 1631 quod

1808 1642 2023 1698 faciunt.
2071 1644 2224 1701 Unde
2275 1653 2329 1702 et
2374 1648 2660 1717 Apostolus
2705 1665 2825 1704 cum
2871 1650 3153 1706 Timotheo
3204 1653 3396 1710 divites

1808 1737 2105 1793 monendos
2130 1740 2475 1809 praeciperet,
2511 1741 2721 1809 Facile,
2748 1743 2944 1813 inquit,
2966 1744 3225 1812 tribuant,
3258 1762 3395 1801 com—

1810 1830 2063 1884 municent
2083 1873 2097 1897 ,
2143 1831 2477 1886 thesaurizent
2505 1834 2597 1887 sibi
2620 1835 3003 1906 fundamentum
3024 1838 3205 1892 bonum
3234 1840 3287 1893 in
3314 1844 3394 1911 fw

1808 1932 1975 1977 turum
1994 1964 2008 1991 ,
2038 1932 2092 1976 ut
2117 1924 2499 1994 apprehendant
2543 1942 2711 1980 veram
2735 1928 2887 1981 vitam
2923 1928 2966 1999 (l
3000 1927 3130 1983 Tim.
3157 1945 3234 1994 Vl,
3262 1931 3328 1985 18
3350 1938 3396 1985 et

1811 2016 1924 2089 i9).
1974 2017 2108 2072 Cum
2150 2034 2277 2089 ergo
2320 2019 2374 2073 in
2423 2018 2652 2076 futuram
2698 2022 2858 2075 vitam
2902 2022 3155 2078 direxerit
3185 2025 3396 2079 oculum

1812 2109 2066 2165 Dominus
2116 2111 2483 2184 eleemosynas
2532 2111 2874 2182 facientium,
2922 2124 2976 2171 et
3023 2116 3075 2170 in
3124 2116 3394 2171 cmlcstem

1811 2201 2144 2269 mercedem,
2175 2212 2235 2257 ut
2264 2204 2468 2274 possint
2494 2213 2547 2259 et
2572 2204 2684 2273 ipsa
2714 2205 2849 2261 facta
2890 2221 3009 2261 esse
3036 2207 3206 2261 lucida
3228 2250 3242 2275 ,
3272 2224 3395 2263 cum

1809 2294 2035 2365 simplex
2076 2296 2260 2349 oculus
2305 2296 2461 2350 fuerit
2509 2298 2587 2367 (in
2636 2298 2780 2351 illam
2824 2299 3021 2369 quippe
3053 2300 3397 2356 novissimam

1810 2386 2216 2442 retributionem
2248 2388 2389 2442 valet
2417 2388 2557 2459 quod
2602 2390 2727 2444 alibi
2776 2390 2877 2456 ait,
2915 2388 3015 2457 Qui
3063 2407 3146 2444 vos
3172 2392 3392 2462 excipit,

1810 2496 1888 2533 me
1912 2480 2125 2551 excipit;
2157 2490 2202 2534 et
2227 2481 2309 2551 qui
2337 2497 2413 2533 me
2435 2480 2619 2550 excipit
2638 2524 2651 2547 ,
2682 2482 2867 2551 excipit
2889 2498 3000 2535 eum
3020 2486 3107 2553 qui
3126 2499 3201 2537 me
3240 2485 3393 2537 misit.

1815 2569 1914 2638 Qui
1940 2571 2122 2641 excipit
2152 2570 2447 2642 praphetam
2485 2571 2537 2624 in
2567 2572 2765 2625 nomine
2800 2573 3088 2641 praphette,
3122 2574 3397 2629 mercedem

1811 2661 2069 2733 propheta?
2093 2662 2337 2733 accipiet;
2363 2671 2411 2716 et
2434 2663 2517 2730 qui
2543 2664 2727 2733 excipit
2743 2664 2942 2733 justum
2971 2665 3024 2717 in
3064 2664 3263 2718 nomine
3308 2666 3397 2734 ju-

1810 2752 1876 2805 sti
1894 2793 1909 2819 ,
1930 2753 2204 2807 mercedem
2236 2754 2364 2823 justi
2393 2754 2602 2826 accipiet
2630 2770 2649 2808 :
2675 2764 2720 2807 et
2758 2756 2845 2827 qui
2874 2765 3045 2826 potum
3079 2756 3268 2810 dederit
3312 2758 3401 2812 uni

1811 2860 1873 2897 ex
1902 2844 2007 2897 istis
2050 2844 2268 2897 minimis
2295 2845 2499 2898 calicem
2524 2861 2669 2914 aqua?
2706 2845 2905 2916 frigidm
2934 2856 3124 2900 tantum
3152 2848 3203 2901 in
3238 2849 3403 2902 nomi-

1811 2954 1874 2992 ne
1897 2938 2171 3008 discipuli;
2201 2955 2348 2992 amen
2374 2938 2486 2991 dico
2526 2938 2693 3004 vobis,
2735 2954 2835 2992 non
2863 2939 3038 3009 peribit
3080 2956 3262 2993 merces
3292 2941 3401 3011 ejus

1813 3030 2023 3104 [ΜαιιΙι.
2065 3048 2132 3096 x,
2162 3030 2422 3105 4042]);
2468 3048 2535 3087 ne
2574 3031 2711 3087 forte
2758 3041 3005 3101 correpto
3030 3034 3185 3089 oculo
3214 3048 3401 3089 eorum

1810 3124 1898 3193 qui
1931 3126 2233 3178 necessaria
2280 3122 2596 3192 impendunt
2646 3122 3007 3193 indigentibus
3033 3132 3087 3179 et
3130 3125 3401 3194 prophetis

1811 3227 1863 3273 et
1884 3217 2042 3287 justis
2067 3226 2121 3271 et
2157 3217 2426 3287 discipulis
2456 3217 2694 3284 Domini,
2728 3218 2963 3287 ipsorum
2993 3218 3179 3272 oculus
3205 3218 3394 3289 depra-

1810 3319 2023 3365 varetur
2050 3311 2100 3364 in
2122 3324 2256 3381 quos
2294 3310 2392 3364 ista
2422 3308 2609 3364 ﬁerent
2634 3316 2693 3364 ut
2718 3317 2934 3380 propter
2960 3310 3059 3364 ista
3096 3309 3402 3378 accipienda

1809 3402 2010 3459 vellent
2063 3402 2273 3457 Christo
2295 3400 2523 3456 militare
2543 3419 2554 3453 :
2574 3399 2761 3468 Nemo,
2784 3401 2988 3471 inquit,
3020 3410 3181 3471 potest
3209 3402 3403 3457 duobus

1811 3496 2026 3551 dominis
2047 3496 2248 3549 servire.
2278 3495 2343 3549 Et
2368 3494 2525 3565 paulo
2570 3502 2692 3564 post
2721 3512 2734 3548 :
2766 3491 2887 3548 Non
2915 3494 3118 3563 potestis
3138 3535 3152 3559 ,
3196 3494 3399 3564 inquit,

1810 3586 1918 3641 Deo
1957 3587 2141 3641 servire
2182 3596 2227 3639 et
2252 3601 2569 3639 mammome.
2612 3584 2906 3655 Statimque
2934 3582 3243 3639 contexuit:
3274 3582 3402 3638 Ideo

1810 3680 1923 3734 dico
1952 3678 2119 3749 vobis,
2152 3678 2304 3732 nolite
2343 3677 2544 3732 solliciti
2582 3692 2688 3731 esse
2711 3676 2893 3731 anima:
2920 3676 3041 3747 quid
3066 3675 3398 3742 manducetis,

1810 3787 1968 3841 neque
1989 3770 2189 3842 corpori
2211 3769 2334 3840 quid
2358 3768 2658 3824 vestiamini.

1881 3862 1969 3918 55.
2000 3862 2065 3916 Ει
2092 3860 2233 3933 quod
2262 3861 2499 3931 sequitur
2527 3860 2595 3915 de
2619 3859 2921 3915 volatilibus
2952 3859 3073 3915 coeli
3099 3868 3151 3915 et
3179 3859 3244 3915 de
3272 3860 3395 3917 liiiis

1808 3956 1957 4027 agri,
1986 3955 2053 4011 ad
2096 3955 2198 4010 hoc
2239 3954 2401 4021 dicit,
2433 3970 2501 4009 ne
2527 3955 2807 4024 quisquam
2842 3954 3005 4007 Deum
3036 3962 3187 4023 putet
3216 3970 3398 4010 servo-

1808 4063 1927 4101 rum
1956 4061 2171 4101 suorum
2194 4045 2494 4100 necessaria
2516 4060 2625 4097 non
2654 4058 2874 4107 curare;
2899 4058 3017 4098 cum
3044 4044 3158 4113 ejus
3186 4046 3397 4114 sapien-

1808 4139 2011 4194 tissima
2042 4136 2375 4209 providentia
2404 4152 2573 4207 usque
2598 4135 2665 4191 ad
2692 4136 2788 4190 ista
2818 4136 3044 4191 creanda
3076 4138 3093 4168 ί
3118 4146 3173 4192 et
3196 4138 3395 4208 guber-

1807 4230 1981 4286 nanda
2005 4228 2297 4299 perveniat.
2326 4229 2508 4299 Neque
2528 4227 2671 4283 enim
2702 4242 2806 4281 non
2835 4228 2949 4297 ipse
2972 4228 3140 4308 pascit
3158 4236 3211 4283 et
3237 4231 3411 4293 vestit.

1807 4322 1966 4378 etiam
1989 4336 2083 4376 eos
2103 4322 2191 4391 qui
2216 4320 2461 4375 manibus
2487 4328 2795 4390 operantur.
2825 4318 2930 4375 Sed
2962 4334 3027 4374 ne
3050 4320 3395 4378 christianam

1807 4413 2051 4468 militiam
2098 4412 2163 4467 ad
2230 4411 2335 4467 hoc
2379 4412 2732 4482 detorqueant
2770 4419 2827 4466 ut
2889 4412 2988 4467 ista
3040 4413 3395 4483 conquirant,

1807 4506 1909 4560 hoc
1958 4520 2145 4560 servos
2185 4518 2312 4559 suos
2357 4496 2615 4559 Dominus
2641 4512 2971 4575 przemonct,
3020 4512 3078 4559 ut
3118 4505 3171 4560 in
3197 4520 3262 4560 eo
3290 4508 3392 4563 mi-

1806 4598 2027 4657 nisterio
2065 4600 2206 4672 quod
2249 4599 2596 4656 Sacramento
2641 4600 2756 4670 ejus
2797 4598 3055 4666 debetur,
3106 4614 3212 4655 non
3256 4600 3392 4668 ista,

1807 4690 1900 4746 sed
1931 4706 2157 4762 regnum
2184 4691 2299 4760 ejus
2325 4697 2381 4745 et
2404 4690 2665 4761 justitiam
2690 4689 2983 4759 cogitemus
3011 4705 3025 4742 :
3056 4698 3108 4745 et
3137 4689 3253 4747 haec
3274 4705 3394 4746 om-

1806 4784 1891 4839 nia
1940 4791 2275 4855 apponentur
2316 4782 2469 4837 nobis
2496 4782 2607 4836 sive
2650 4796 2741 4850 per
2784 4795 2972 4836 manus
3009 4782 3391 4852 operantibus,

1806 4876 1919 4931 sive
1950 4876 2255 4929 inﬁrmitate
2280 4872 2520 4944 corporis
2567 4871 2833 4941 impeditis
2857 4913 2871 4938 ,
2904 4872 3014 4927 sive
3054 4874 3219 4942 ipsius
3257 4874 3398 4930 mili-

1809 4968 1895 5023 tia:
1920 4967 2014 5021 tali
2043 4966 2390 5037 occupatione
2416 4964 2671 5019 districtis
2697 4974 2753 5020 ut
2782 4965 2912 5019 nihil
2938 4966 3085 5022 aliud
3113 4982 3272 5038 agere
3297 4983 3393 5024 va-

1806 5063 2029 5117 leamus.

1876 5152 2103 5209 CAPUT
2141 5152 2355 5226 XXVII.
2388 5184 2459 5195 ——
2491 5152 2746 5210 Utendum
2789 5155 3041 5211 industria
3081 5166 3287 5223 nostra,
3332 5174 3394 5211 ne

1808 5245 1970 5301 Deum
2000 5256 2190 5302 tentare
2209 5247 2482 5303 videamur.
2511 5248 2692 5322 Neque
2730 5250 2873 5305 enim
2901 5251 3021 5322 quia
3048 5250 3181 5305 dixit
3213 5251 3352 5305 Deus
3374 5292 3389 5317 ,

1806 5335 1997 5391 Invoca
2024 5354 2102 5391 me
2130 5338 2181 5392 in
2213 5338 2294 5392 die
2318 5338 2683 5408 tribulationis,
2726 5350 2772 5394 et
2800 5342 3015 5395 eximam
3045 5350 3120 5406 te,
3154 5348 3200 5393 et
3228 5342 3388 5408 glori-

1808 5429 1982 5498 ﬁcabis
2018 5446 2097 5484 me
2121 5428 2291 5501 (Psal.
2316 5447 2441 5497 χιιι
2462 5474 2476 5499 ,
2502 5432 2622 5504 i5),
2656 5441 2935 5504 propterea
2960 5447 3066 5487 non
3094 5431 3276 5486 debuit
3306 5431 3391 5486 fu-

1805 5536 1932 5593 gere
1979 5522 2297 5595 Apostolus,
2338 5532 2393 5579 et
2422 5539 2516 5596 per
2544 5540 2754 5581 murum
2785 5524 2837 5579 in
2886 5532 3065 5592 sporta
3119 5523 3387 5591 submitti,

1806 5625 1866 5672 ut
1910 5634 2098 5674 manus
2140 5620 2507 5690 persequentis
2546 5619 2796 5675 evaderet
2840 5617 2971 5688 (Act.
3019 5634 3105 5683 rx,
3136 5616 3264 5690 25),
3294 5620 3389 5675 sed

1807 5718 2114 5780 exspectare
2143 5712 2318 5783 potius
2343 5720 2403 5765 ut
2427 5710 2989 5781 comprehenderetur,
3018 5718 3073 5767 et
3100 5725 3222 5769 eum
3250 5709 3389 5768 sicut

1873 5822 1888 5851 ¹
1926 5822 2086 5872 Probae
2110 5832 2235 5874 noue
2252 5830 2379 5874 Mss.
2404 5820 2685 5873 rccreanda.
