3880 6284
466 344 570 402 575

467 466 578 513 tres
608 470 799 527 pueros
827 454 895 510 de
916 452 1106 510 mediis
1128 451 1337 524 ignibus
1363 451 1606 506 liberaret
1635 447 1790 520 (Dan.
1821 460 1908 511 ιιι,
1937 442 2051 513 50).

365 551 378 556 ’
467 551 575 604 Aut
607 556 822 618 propter
849 548 952 602 hoc
994 561 1096 602 nec
1131 546 1388 600 Dominus
1429 544 1606 598 dicere
1633 539 1843 602 debuit,
1875 536 1936 592 Si
1974 552 2059 590 vos

467 641 717 712 persecuti
783 641 971 711 fuerint
1031 641 1084 694 in
1140 656 1241 692 una
1304 639 1538 702 civitate,
1605 636 1762 706 fugite
1806 634 1858 685 in
1904 632 2059 685 aliam

474 731 686 802 (Matth.
729 748 790 791 x.
848 729 972 799 23);
1023 730 1143 798 quia
1177 729 1290 799 ipse
1337 728 1506 792 dixit,
1548 726 1608 781 Si
1655 726 1776 794 quid
1824 723 2058 792 petieritis

471 823 679 877 Patrem
721 824 772 876 in
813 825 1012 876 nomine
1058 838 1191 885 meo,
1231 820 1369 873 dabit
1408 820 1543 872 vobis
1571 817 1748 888 (Joan.
1781 833 1871 870 xvr
1895 859 1908 881 ,
1940 815 2056 883 25).

469 915 618 970 Sicut
657 930 782 984 ergo
810 914 1048 983 quisquis
1073 913 1496 982 persecutionem
1530 910 1850 980 fugientibus
1892 908 2056 963 disci-

472 1006 609 1074 pulis
650 1001 844 1058 Christi
884 1003 1139 1072 objiceret
1188 1001 1489 1071 hujusmmli
1539 1001 1920 1070 quaestionem,
1966 1013 2062 1052 cur

474 1111 579 1150 non
605 1095 840 1150 stetisset
884 1095 1057 1163 potius
1078 1135 1092 1159 ,
1125 1102 1179 1148 et
1232 1094 1476 1148 invocato
1505 1094 1615 1148 Deo
1643 1108 1735 1162 per
1760 1092 1876 1161 ejus
1901 1092 2061 1145 mira-

474 1187 602 1242 bilia
627 1188 705 1242 sic
734 1195 1144 1251 eruerentur,ut
1168 1187 1649 1241 Danielaleonibus
1678 1185 1840 1255 (Dan.
1871 1200 1943 1247 v1,
1967 1184 2058 1262 25,

476 1288 523 1333 et
544 1293 635 1332 xxv
656 1318 670 1342 ,
702 1277 796 1347 40)
817 1319 831 1341 ,
861 1286 918 1332 ut
943 1278 1132 1332 Petrus
1188 1293 1254 1332 ex
1291 1278 1514 1333 vinculis
1541 1277 1672 1350 (Act.
1702 1293 1774 1331 xu
1796 1319 1809 1340 ,
1843 1278 1935 1345 7);
1979 1291 2064 1330 re-

478 1369 808 1438 sponderent
846 1384 950 1422 non
1013 1384 1072 1424 se
1119 1370 1423 1438 oportuisse
1471 1378 1674 1423 tentare
1723 1370 1921 1433 Deum,
1969 1367 2063 1423 sed

480 1471 605 1516 tunc
629 1477 752 1516 eum
779 1449 910 1515 ialia
937 1462 982 1516 si
1011 1462 1171 1517 vellet
1192 1476 1313 1517 esse
1334 1461 1593 1516 facturum
1615 1503 1629 1525 ,
1654 1477 1774 1515 cum
1806 1461 1904 1529 ipsi
1933 1459 2061 1529 quid

474 1553 710 1609 lacerent
741 1569 845 1608 non
876 1554 1167 1618 haberent;
1198 1570 1319 1609 cum
1352 1569 1478 1608 vero
1508 1555 1585 1608 eis
1610 1553 1786 1624 fugam
1830 1554 1880 1607 in
1911 1562 2063 1624 pote-

473 1655 662 1702 statem
688 1645 957 1711 dedisset,
1000 1644 1208 1700 etiamsi
1238 1661 1333 1715 per
1359 1644 1502 1698 illam
1539 1642 1895 1699 liberarentur
1915 1686 1929 1710 ,
1956 1659 2066 1700 non

476 1737 579 1792 nisi
607 1737 674 1790 ab
703 1737 820 1806 ipso
852 1735 1064 1790 liberari
1097 1751 1109 1787 :
1141 1736 1221 1791 sic
1241 1739 1399 1791 etiam
1431 1736 1525 1790 Dei
1555 1736 1723 1790 servis
1748 1735 2067 1790 vacantibus

475 1838 529 1882 et
571 1827 868 1882 valentibus
894 1827 1144 1895 exemplo
1189 1835 1242 1881 et
1282 1834 1547 1895 prazcepto
1573 1825 1866 1895 apostolico
1895 1825 2068 1879 mani-

477 1919 576 1974 bus
598 1919 708 1974 suis
737 1919 933 1972 victum
958 1918 1252 1985 transigere
1272 1959 1285 1982 ,
1320 1918 1362 1970 si
1390 1918 1509 1986 quis
1535 1933 1601 1972 ex
1631 1917 1916 1988 Evangelio
1945 1932 2064 1971 mo-

478 2010 616 2064 verit
643 2009 991 2080 quzustionem
1036 2008 1100 2062 dc
1145 2008 1447 2062 volatilibus
1490 2009 1647 2074 coeli,
1676 2025 1794 2078 quae
1842 2024 1945 2062 non
1977 2022 2066 2063 se-

483 2101 720 2164 minant,
773 2114 944 2168 neque
989 2108 1229 2164 metunt,
1281 2115 1452 2169 neque
1491 2109 1818 2171 congregant
1845 2101 1897 2154 in
1943 2116 2071 2169 apo-

481 2194 697 2258 thecas,
738 2201 793 2248 et
826 2191 894 2246 de
917 2191 1041 2245 liliis
1079 2193 1226 2261 agri,
1274 2193 1396 2262 quia
1429 2206 1532 2245 non
1575 2192 1854 2259 laborant,
1899 2207 2071 2261 neque

381 2338 383 2340 .
480 2294 645 2349 nent;
678 2284 835 2339 facile
863 2284 1296 2354 respondebunt,
1323 2284 1381 2340 Si
1411 2293 1464 2340 et
1485 2299 1583 2340 nos
1612 2301 1705 2355 per
1723 2286 1952 2355 aliquam
1985 2286 2071 2340 vel

480 2377 848 2432 inﬁrmitatem
888 2377 970 2430 vel
1002 2377 1404 2446 occupationem
1451 2394 1553 2431 non
1586 2379 1854 2448 possimus
1883 2392 2073 2448 opera-

482 2469 646 2534 ri,sic
678 2467 768 2522 ille
801 2482 898 2522 nos
921 2477 1105 2537 pascet
1132 2476 1188 2522 et
1217 2470 1429 2546 vestiet,
1461 2469 1908 2538 quemadmodum
1940 2485 2072 2524 aves

483 2570 536 2619 et
566 2561 670 2616 lilia
693 2602 707 2627 ,
752 2577 871 2632 qua:
903 2562 1033 2615 nihil
1061 2572 1353 2631 operantur
1381 2562 1747 2631 hujuscemodi
1785 2581 1796 2616 :
1827 2579 1947 2617 cum
1978 2579 2073 2617 au-

482 2661 592 2707 tem
621 2667 903 2722 possumus
921 2693 937 2720 ,
962 2668 1066 2708 non
1088 2653 1344 2710 debemus
1373 2663 1578 2710 tentare
1602 2655 1769 2709 Deum
1797 2665 2070 2721 nostrum;

485 2746 607 2816 quia
636 2754 689 2800 et
716 2746 818 2800 hoc
843 2746 984 2816 quod
1008 2762 1320 2816 possumus,
1354 2749 1469 2818 ejus
1507 2739 2070 2819 munerc'possumus,

485 2845 679 2891 etcum
707 2836 831 2892 hinc
866 2839 1122 2901 vivimus,
1155 2838 1246 2893 illo
1270 2839 1529 2908 largiente
1555 2840 1783 2894 vivimus
1804 2883 1816 2904 ,
1845 2841 1934 2910 qui
1967 2841 2073 2894 lar-

485 2927 627 2995 gitus
665 2936 747 2981 est
795 2937 852 2980 ut
900 2928 1183 2996 possimus.
1234 2928 1301 2982 Et
1341 2929 1459 2983 ideo
1501 2929 1568 2983 de
1596 2930 1710 2984 istis
1760 2930 2076 2985 necessariis

489 3018 702 3072 solliciti
729 3034 833 3073 non
861 3035 1076 3084 sumus;
1109 3021 1231 3090 quia
1270 3035 1391 3074 cum
1432 3023 1543 3074 lucc
1571 3036 1854 3090 possumus
1877 3037 2034 3092 agere
2056 3063 2074 3090 ,

489 3111 579 3166 ille
608 3126 707 3167 nos
732 3114 900 3183 pascit
923 3122 976 3167 et
1020 3114 1212 3180 vestit,
1245 3128 1273 3166 a
1298 3128 1405 3183 quo
1433 3122 1722 3183 pascuntur
1752 3114 1994 3170 homines
2024 3123 2077 3171 et

493 3204 788 3259 vestiuntur
836 3221 850 3257 :
897 3220 1018 3260 cum
1069 3220 1197 3260 vero
1241 3205 1358 3259 haec
1403 3221 1508 3260 non
1553 3220 1834 3276 possumus
1878 3222 2076 3277 agere,

489 3297 633 3352 idem
664 3299 778 3367 ipse
815 3312 912 3353 nos
938 3299 1107 3367 pascit
1132 3307 1186 3352 ct
1224 3299 1411 3364 vestit,
1430 3313 1459 3351 a
1486 3315 1590 3367 quo
1630 3312 1758 3353 aves
1787 3309 2081 3368 pascuntur

489 3398 544 3444 et
573 3389 681 3443 lilia
720 3391 1059 3454 vestiuntur;
1103 3389 1355 3460 quoniam
1402 3405 1498 3445 nos
1535 3389 1703 3460 pluris
1738 3405 1922 3445 sumus
1952 3391 2076 3446 illis.

490 3482 827 3550 Quapropter
870 3483 921 3534 in
971 3481 1068 3534 ista
1106 3480 1292 3535 militia
1337 3491 1550 3548 nostra,
1574 3496 1672 3535 nec
1699 3481 1750 3535 in
1786 3483 2078 3537 crastinum

491 3573 816 3643 cogitamus;
861 3572 980 3642 quia
1027 3587 1133 3626 non
1183 3581 1399 3642 propter
1441 3573 1540 3627 ista
1583 3573 1925 3643 temporalia,
1976 3589 2082 3644 quo

493 3665 724 3734 pertinet
764 3663 1032 3717 crastinus
1053 3707 1066 3730 ,
1099 3663 1196 3719 sed
1234 3674 1448 3734 propter
1478 3666 1564 3720 illa
1585 3667 1910 3736 sempiterna
1933 3706 1946 3733 ,
1983 3667 2079 3722 ubi

493 3771 706 3826 semper
759 3755 1048 3810 hodiernus
1090 3765 1199 3822 est,
1251 3771 1350 3811 nos
1399 3757 1469 3810 illi
1521 3755 1896 3827 probavimus,
1941 3767 2001 3813 ut
2031 3757 2081 3814 ei

493 3847 655 3902 nullis
694 3847 920 3918 negotiis
958 3848 1304 3904 saecularibus
1347 3849 1600 3920 implicati
1657 3849 1966 3920 placeamus
2016 3848 2082 3920 (II

494 3939 627 3996 Tim.
655 3957 688 3995 Il
709 3982 724 4008 ,
753 3942 831 4012 4).
1727 3993 1729 3996 ι

563 4030 788 4088 CAPUT
828 4031 1064 4087 XXVIII.
1113 4063 1182 4073 --
1221 4033 1307 4090 36.
1347 4032 1598 4105 Graphice
1630 4035 1862 4089 describit
1907 4051 2083 4090 mona-

495 4123 615 4177 chos
635 4123 821 4178 otiosos
846 4135 893 4178 et
933 4139 1104 4196 vagos.
1143 4124 1271 4192 Quae
1296 4140 1415 4180 cum
1440 4126 1511 4180 ita
1539 4126 1673 4193 sint,
1703 4127 1819 4181 sine
1841 4143 1929 4182 me
1955 4143 2082 4197 pau-

497 4213 693 4283 lulum,
725 4224 905 4271 sancte
931 4215 1096 4271 frater
1148 4215 1262 4288 (dat
1289 4219 1430 4272 enim
1461 4218 1589 4272 mihi
1615 4218 1871 4274 Dominus
1907 4235 2000 4290 per
2030 4229 2083 4275 te

496 4322 742 4378 magnam
780 4308 1052 4380 fiduciam)
1075 4350 1090 4374 ,
1123 4325 1220 4365 eos
1246 4311 1392 4380 ipsos
1414 4311 1610 4381 alloqui
1641 4311 1779 4368 ﬁlios
1808 4321 1862 4368 et
1890 4311 2082 4367 fratres

494 4412 714 4458 nostros
739 4444 753 4469 ,
783 4417 916 4471 quos
946 4404 1068 4456 novi
1094 4411 1290 4473 quanta
1318 4404 1596 4458 nobiscum
1635 4391 1919 4460 dilectione
1956 4421 2082 4477 par-

495 4497 696 4561 turias,
741 4495 914 4551 donec
951 4495 1004 4549 in
1037 4496 1114 4550 eis
1152 4496 1440 4564 apostolica
1490 4496 1771 4568 disciplina
1803 4499 2079 4553 formetur.

499 4586 542 4642 Ο
567 4589 708 4644 servi
747 4588 877 4654 Dei,
906 4588 1100 4643 milites
1126 4587 1352 4653 Christi,
1396 4588 1538 4644 itane
1567 4589 1912 4645 dissimulatis
1937 4591 2085 4646 calli-

497 4677 704 4732 dissimi
749 4679 914 4733 hostis
959 4678 1180 4734 insidias
1199 4722 1212 4747 ,
1243 4681 1334 4751 qui
1375 4680 1567 4735 bonam
1595 4679 1786 4736 famam
1811 4692 2040 4738 vestram
2065 4724 2081 4752 ,

499 4777 607 4823 tam
635 4770 831 4823 bonum
855 4768 1050 4826 Christi
1094 4770 1312 4827 odorem
1333 4813 1346 4837 ,
1378 4788 1445 4826 ne
1481 4771 1661 4826 dicant
1689 4772 1881 4828 anima:
1907 4775 2083 4840 honre,

500 4860 628 4916 Post
667 4861 870 4916 odorem
913 4873 1282 4935 unguentorum
1311 4874 1513 4920 tuorum
1537 4882 1797 4920 curremus
1827 4863 1998 4937 (Cant.
2026 4883 2081 4935 ι,

503 4954 582 5025 5),
597 4961 651 5008 et
672 4953 750 5008 sic
775 4955 992 5024 laqueos
1011 4957 1127 5025 ejus
1151 4956 1397 5025 evadant,
1415 4958 1560 5013 omni
1580 4958 1738 5014 modo
1751 4960 1970 5030 cupiens
1991 4961 2087 5016 ob-

502 5062 720 5102 scurare
737 5047 1010 5116 putoribus
1028 5048 1157 5114 suis,
1179 5059 1284 5103 tam
1303 5050 1497 5105 multos
1516 5050 1583 5122 hy
1590 5051 1820 5122 pocritas
1836 5053 1934 5108 sub
1948 5052 2089 5109 habi-

504 5147 562 5193 tu
601 5138 984 5194 manachorum
1007 5155 1385 5212 usquequaque
1404 5143 1673 5214 dispersit,
1693 5145 2086 5202 circumeuntes

498 5231 826 5301 provincias,
852 5246 1112 5302 nusquam
1135 5233 1346 5299 missos,
1368 5250 1624 5305 nusquam
1650 5236 1802 5304 fixos,
1824 5253 2086 5307 nusquam

506 5334 708 5380 stantes
729 5368 742 5392 ,
768 5339 1028 5395 nusquam
1072 5325 1338 5382 sedentes.
1373 5327 1477 5383 Alii
1507 5330 1744 5386 membra
1767 5339 2082 5401 martyrum,

501 5416 546 5470 r‘i
580 5426 758 5472 tamen
785 5427 1100 5489 martyrum,
1120 5419 1390 5475 venditant
1410 5438 1424 5488 ;
1443 5421 1780 5477 aliiiimbrias
1792 5432 1846 5478 et
1869 5423 2090 5494 phylac-

502 5509 632 5562 teria
681 5525 775 5564 sua
806 5509 1182 5581 magnificam;
1227 5512 1314 5567 alii
1364 5525 1610 5583 parentes
1637 5515 1720 5569 vel
1763 5516 2085 5586 consangui-

500 5613 632 5654 neos
657 5617 784 5657 suos
811 5603 863 5656 in
909 5604 997 5659 illa
1022 5604 1106 5660 vel
1152 5605 1206 5659 in
1236 5605 1326 5660 illa
1352 5607 1569 5677 regione
1616 5621 1674 5663 se
1699 5606 1912 5663 audisse
1935 5608 2085 5664 vive-

502 5709 593 5759 re,
619 5705 674 5749 et
696 5696 762 5751 ad
789 5711 881 5752 eos
920 5713 1142 5769 pergere
1167 5703 1530 5769 mentiuntur;
1561 5710 1614 5757 et
1648 5717 1835 5759 omnes
1864 5712 2082 5772 petunt,

502 5797 691 5841 omnes
715 5787 965 5858 exigunt,
1009 5800 1096 5845 aut
1147 5802 1388 5862 sumplus
1417 5794 1639 5851 lucrosm
1679 5797 1958 5866 egestatis.
1993 5807 2085 5855 aut

1387 338 1472 392 DE
1507 326 2264 408 OPEREMONACHOBUM,
2305 329 2361 384 S.
2405 329 2770 387 AUGUSTINI
3637 333 3724 390 575

2168 441 2428 496 simulata:
2475 443 2703 512 pretium
2746 440 3040 496 sanctitatis
3066 456 3082 494 :
3108 455 3227 496 cum
3263 441 3480 496 interea
3518 438 3727 498 ubicum-

2165 530 2269 601 que
2294 532 2346 586 in
2379 531 2530 587 factis
2556 533 2668 588 suis
2692 533 2846 588 malis
2882 531 3200 602 deprehensi
3228 531 3474 597 iuerint,
3498 533 3584 588 vel
3620 551 3729 604 quo-

2167 639 2272 694 quo
2315 625 2474 680 modo
2504 627 2864 707 innotuerint,
2895 626 2997 682 sub
3035 626 3266 696 generali
3315 626 3537 680 nomine
3568 642 3728 683 mona-

2167 718 2390 774 chorum
2450 728 2684 775 vestrum
2753 720 3079 791 propositum
3139 719 3580 789 blasphematur,
3639 732 3732 777 tam

2168 811 2364 865 bonum
2386 853 2400 877 ,
2431 821 2534 866 tam
2560 824 2801 868 sanctum
2823 854 2838 879 ,
2868 812 3012 883 quod
3041 813 3093 867 in
3118 811 3323 867 Christi
3356 812 3576 867 nomine
3615 816 3736 884 cupi-

2167 917 2317 968 mus,
2363 903 2503 958 sicut
2547 920 2642 974 per
2686 905 2819 961 alias
2851 915 3023 959 terras
3043 947 3057 970 ,
3107 905 3185 960 sic
3211 920 3309 974 per
3331 912 3506 958 totam
3531 904 3736 961 Africam

2168 997 2448 1067 pullulare.
2472 997 2658 1053 Nonne
2695 1014 2826 1068 ergo
2848 996 3247 1052 inflammamini
3273 997 3402 1051 zelo
3425 996 3555 1050 Dei?
3583 995 3737 1054 Nonne

2168 1087 2491 1143 concalescit
2515 1104 2609 1144 cor
2651 1099 2886 1144 vestrum
2916 1090 3052 1143 intra
3081 1103 3203 1154 vos,
3246 1097 3306 1142 et
3338 1088 3396 1142 in
3424 1086 3737 1145 meditatione

2169 1191 2345 1236 vestra
2373 1182 2674 1238 exardescit
2703 1183 2840 1253 ignis
2862 1181 3031 1254 (Psal.
3064 1198 3302 1247 xxxviii,
3339 1180 3400 1254 4)
3422 1222 3437 1246 ,
3465 1189 3522 1234 ιιι
3547 1181 3738 1236 istorum

2170 1273 2308 1327 mala
2331 1289 2493 1344 opera
2521 1273 2675 1328 bonis
2701 1274 2955 1344 operibus
2985 1272 3429 1345 persequamini,
3461 1281 3521 1326 ut
3554 1274 3628 1328 eis
3649 1289 3739 1327 am-

2171 1367 2368 1437 putetis
2431 1368 2767 1422 occasionem
2833 1367 3064 1437 turpium
3111 1366 3522 1431 nundinarum,
3581 1365 3742 1435 quibus

2170 1458 2496 1513 existimatio
2525 1469 2701 1514 vestra
2748 1457 2986 1524 lmditur,
3029 1466 3084 1513 et
3112 1457 3348 1512 inﬁrmis
3393 1455 3739 1511 ollendiculum

2172 1549 2424 1618 ponitur?
2473 1548 2793 1604 Miseremini
2821 1564 2951 1618 ergo
2976 1556 3030 1604 et
3056 1547 3470 1618 compatimini,
3513 1554 3566 1600 et
3589 1554 3740 1600 osten-

2171 1641 2280 1696 dite
2308 1640 2614 1696 hominibus
2633 1683 2648 1707 ,
2673 1655 2779 1696 non
2805 1655 2902 1695 vos
2940 1641 2996 1695 in
3025 1640 3137 1695 otio
3164 1638 3392 1695 facilem
3424 1638 3643 1703 victum,
3667 1636 3741 1692 sed

2173 1750 2269 1806 per
2297 1744 2575 1806 angustam
2623 1743 2677 1789 et
2719 1743 2922 1789 arctam
2963 1734 3102 1788 viam
3151 1732 3316 1803 hujus
3367 1732 3743 1802 propositi,re-

2171 1843 2334 1898 gnum
2367 1828 2463 1883 Dei
2489 1842 2751 1898 qumrere.
2782 1826 2982 1882 Eadem
3004 1825 3154 1881 vobis
3178 1840 3347 1882 causa
3372 1834 3460 1882 est
3487 1843 3600 1898 qua:
3625 1831 3743 1899 Apo-
3838 1901 3839 1904 η

2174 1921 2311 1976 stolo
2353 1921 2483 1987 fuit,
2515 1928 2574 1975 ut
2599 1921 2885 1990 amputetis
2917 1919 3254 1974 occasionem
3296 1919 3367 1974 iis
3395 1919 3488 1989 qui
3532 1930 3743 1990 quaerunt

2174 2013 2507 2068 occasionem
2576 2010 2641 2084 (Il
2680 2011 2799 2067 Cor.
2846 2027 2938 2078 ιι,
3009 2010 3136 2081 12),
3183 2021 3240 2065 ιιι
3292 2011 3390 2080 qui
3435 2010 3638 2066 illorum
3661 2029 3738 2083 pu-

2178 2103 2381 2158 toribus
2421 2102 2800 2172 praeloeantur,
2851 2102 2903 2156 in
2947 2101 3113 2157 odore
3149 2111 3335 2157 vestro
3359 2101 3503 2157 bono
3525 2102 3739 2158 reﬁcian-

2176 2203 2282 2249 tur.

2245 2285 2472 2341 CAPUT
2509 2284 2704 2340 XXIX.
2721 2284 2896 2340 —37.
2931 2284 3306 2354 Occupationes
3329 2285 3613 2356 Augustini.
3639 2284 3740 2338 Mal-

2178 2378 2242 2431 let
2280 2393 2419 2431 more
2442 2375 2496 2430 Μ
2503 2376 2813 2430 once/torum
2841 2376 3040 2446 operari
3069 2376 3218 2430 certis
3243 2376 3413 2430 horis.
3441 2374 3555 2430 Non
3583 2375 3734 2447 alliga-

2178 2484 2296 2523 mus
2332 2482 2495 2522 onera
2535 2466 2750 2538 gravia;
2809 2475 2865 2521 et
2910 2466 3101 2522 vestris
3145 2465 3393 2522 humeris
3458 2465 3736 2534 imponimus

2179 2575 2296 2630 qua:
2340 2573 2438 2614 nos
2476 2559 2642 2629 digito
2667 2557 2931 2629 attingere
2971 2559 3220 2614 nolumus
3247 2557 3474 2629 (Matth.
3503 2559 3733 2630 xxut,l).

2179 2653 2430 2721 Quaerite,
2446 2662 2500 2708 et
2525 2653 2798 2723 agnoscite
2843 2651 3055 2707 labores
3109 2655 3528 2722 occupationum
3571 2660 3736 2707 nostra-

2179 2763 2330 2814 rum,
2364 2755 2417 2802 et
2442 2747 2494 2801 in
2531 2746 2794 2816 aliquibus
2840 2753 3142 2801 nostrorum
3173 2746 3342 2800 ctiam
3370 2760 3639 2817 corporum
3673 2744 3734 2799 in-

2181 2838 2494 2904 firmitates,
2543 2847 2597 2893 et
2635 2837 2994 2893 Ecclesiarum
3045 2836 3241 2908 quibus
3292 2841 3560 2892 servimus
3610 2836 3732 2891 talem

2176 2931 2288 3001 jam
2324 2929 2801 2996 consuetudinem,
2832 2939 2890 2984 ut
2936 2943 3034 2985 nos
3078 2928 3267 2985 ad'illa
3320 2944 3523 3000 opera,
3561 2928 3620 2984 ad
3644 2942 3732 2998 qua:

2183 3036 2278 3077 vos
2323 3021 2631 3086 hortamur,
2677 3035 2866 3076 vacare
2911 3035 3015 3076 non
3041 3021 3238 3076 sinant.
3272 3020 3586 3090 Quanquam
3623 3018 3731 3074 enim

2183 3116 2362 3172 dicere
2389 3116 2652 3186 possimus
2673 3157 2687 3181 ,
2723 3113 2850 3181 Quis
2869 3114 3054 3168 militat
3089 3115 3194 3168 suis
3227 3114 3498 3185 stipendiis
3516 3109 3733 3184 unquam?

2188 3209 2313 3276 Quis
2340 3209 2537 3279 plantat
2578 3209 2775 3262 vineam
2795 3247 2808 3271 ,
2833 3214 2880 3260 et
2907 3205 2970 3260 de
2995 3205 3167 3277 fructu
3206 3206 3323 3275 ejus
3367 3222 3468 3259 non
3489 3204 3614 3258 edit?
3636 3201 3732 3269 Quis

2185 3303 2349 3375 pascit
2387 3317 2618 3374 gregem,
2647 3309 2694 3356 et
2728 3299 2790 3353 de
2819 3299 2949 3354 lacte
2989 3299 3156 3370 gregis
3185 3315 3290 3352 non
3331 3297 3540 3369 percipit
3561 3295 3579 3367 (
3603 3295 3616 3348 I
3643 3293 3729 3349 Cor.

2186 3410 2274 3459 ιχ,
2309 3394 2404 3467 7)?
2447 3393 2646 3447 Tamen
2693 3391 2974 3447 Dominum
3015 3390 3232 3457 Jesum,
3265 3390 3325 3445 in
3367 3389 3516 3459 cujus
3560 3385 3731 3441 nomine

2186 3504 2405 3546 securus
2454 3487 2570 3542 haec
2610 3485 2766 3551 dico,
2825 3493 3018 3540 testem
3078 3485 3268 3539 invoco
3336 3496 3494 3554 super
3546 3479 3730 3534 animam

2187 3596 2361 3638 meam
2383 3623 2398 3648 ,
2445 3579 2700 3651 quoniam
2738 3585 2998 3647 quantum
3027 3575 3219 3631 attinet
3238 3574 3311 3630 ad
3342 3589 3514 3630 meum
3539 3581 3730 3626 commo-

2185 3675 2344 3740 dum,
2377 3673 2544 3728 multo
2579 3671 2792 3726 mallem
2823 3685 2919 3740 per
2963 3669 3200 3740 singulos
3239 3668 3362 3725 dies
3389 3666 3544 3723 certis
3584 3662 3726 3726 boris,

2185 3774 2440 3838 quantum
2470 3765 2521 3818 in
2568 3763 2704 3818 bene
2743 3761 3034 3817 moderatis
3062 3760 3408 3817 monasteriis
3434 3755 3726 3814 constitutum

2185 3867 2298 3922 est,
2346 3854 2543 3926 aliquid
2583 3852 2827 3908 manibus
2871 3850 3081 3921 operari
3108 3851 3202 3921 (a),
3235 3857 3292 3906 et
3328 3857 3542 3906 caeteras
3568 3841 3725 3900 horas‘

2186 3948 2385 4003 habere
2429 3944 2496 4000 ad
2526 3943 2812 4016 legendum
2837 3950 2891 3998 et
2919 3941 3209 4006 orandum,
3242 3948 3340 3996 aut
3361 3935 3549 4011 aliquid
3582 3934 3638 3990 de
3660 3931 3723 3986 di-

2187 4041 2323 4096 vinis
2350 4037 2566 4094 Litteris
2609 4035 2868 4108 agendum
2898 4034 3090 4090 liberas
3110 4076 3126 4101 ,
3158 4047 3320 4104 quam
3361 4021 3722 4087 tumultuosissi-

2187 4147 2302 4188 mas
2339 4130 2716 4203 perplexitates
2741 4141 3020 4182 causarum
3047 4124 3343 4180 alienarum
3377 4123 3477 4192 pati
3514 4119 3574 4174 dc
3597 4126 3719 4183 nego-

2189 4226 2276 4281 tiis
2316 4221 2659 4280 saecularibus
2697 4220 2783 4275 vel
2821 4216 3107 4289 judicando
3131 4215 3473 4279 dirimendis,
3505 4210 3577 4267 vel
3603 4209 3720 4262 inter-

2186 4315 2450 4374 veniendo
2479 4311 2830 4386 praecidendis
2865 4329 2878 4366 :
2907 4309 3100 4380 quibus
3124 4322 3222 4363 nos
3245 4305 3497 4364 molestiis
3516 4299 3635 4356 idem
3656 4293 3716 4348 ai-

2189 4412 2303 4467 lixit
2327 4413 2347 4444 ¹
2399 4410 2702 4482 apostolus.
2734 4421 2840 4462 non
2869 4405 3048 4474 utique
3091 4417 3222 4469 suo,
3272 4401 3365 4456 sed
3407 4399 3514 4469 ejus
3552 4391 3718 4463 (ιιιίρθτ

2188 4522 2310 4564 eum
2337 4505 2653 4576 loquebatur
2679 4499 2931 4565 arbitrio,
2965 4512 3097 4570 quas
3125 4507 3305 4552 tamen
3337 4496 3501 4564 ipsum
3543 4493 3715 4576 perpes:

2189 4614 2307 4655 sum
2358 4567 2522 4652 fuisse
2567 4609 2674 4649 non
2721 4567 2998 4662 legimus:
3013 4589 3165 4660 Alter
3205 4588 3350 4644 enim
3395 4599 3452 4641 se
3492 4567 3713 4674 habebat'

2189 4689 2515 4761 apostolatus
2552 4687 2685 4756 ejus~
2714 4683 3004 4740 discursus.
3033 4680 3143 4737 Nec
3178 4680 3340 4747 dixit,
3370 4670 3619 4735 Saeculth
3639 4665 3709 4736 59"

2255 4872 2271 4904 ί
2307 4869 2496 4936 Aliquot
2516 4874 2646 4925 Mss,
2671 4869 2893 4936 etcertas
2916 4860 3076 4913 horas.

2253 4935 2273 4964 ²
2307 4925 2473 4982 Plui-es
2491 4937 2620 4992 Mss,
2653 4925 2842 4992 aﬂlixit.

2255 4995 2276 5027 ι
2309 5000 2358 5042 ιη
2382 5003 2486 5044 Mss.
2511 4986 2765 5050 multis,"se
2787 4986 3039 5039 habebant.

2255 5056 2328 5119 (a)
2351 5058 2467 5106 Hinc
2488 5067 2518 5103 a
2540 5061 2587 5101 Β.
2610 5046 2874 5119 βθιιθᾱίοιο
2911 5049 3226 5119 constitutum
3248 5046 3298 5119 in
3319 5053 3443 5119 Begu

2199 5137 2222 5167 (ι
2240 5098 2958 5180 ὃέἑιίἐῖἑῶρῖιῶἆέόᾶὧηςί
2987 5110 3181 5180 debet“.
3202 5098 3444 5180 ῖηιτὲδξίὲ

2200 5150 2222 5167 ιι
2240 5150 2395 5169 υσιιιο
2419 5150 2718 5180 amycum...
2738 5150 2958 5175 υνυηνυ..
2994 5150 3181 5160 πη..-
3204 5150 3309 5158 ---η
3326 5150 3422 5180 την

2200 5199 2222 5229 α
2245 5194 2412 5240 nuum,
2448 5180 2600 5230 certis
2629 5178 2809 5240 iterum
2830 5173 2963 5223 horis
2983 5175 3034 5222 in
3068 5171 3279 5240 lectione
3301 5150 3697 5240 divitia;

2192 5219 2887 5303 iiié'tiai"n6&h'&in'§éi-Ebi
2898 5219 2960 5284 id
3154 5219 3372 5303 sectator
3387 5219 3694 5303 Fulgegfﬁgf

2191 5283 2921 5370 iéiéiaiiiui'in'éjdfviia,
2935 5283 3047 5360 cap.
3061 5283 3120 5344 I4
3144 5309 3155 5344 :
3184 5315 3207 5342 α
3234 5293 3444 5366 manibus,
3463 5283 3604 5344 inquit,

2250 5367 2324 5387 .ι.-ι
2337 5365 2602 5387 ,Λημειειιι-
2618 5364 2907 5387 mmmam“...
2952 5368 3062 5387 Nam
3091 5366 3138 5387 nl
3163 5362 3402 5387 cmunlnmc
3420 5354 3512 5387 arti!
3530 5332 3671 5387 laudabl

2201 5342 2926 5436 :"iieiéta‘sjfitsr'agéamujr'.
2940 5342 3685 5436 Eam'agaapga‘s'

2201 5405 2223 5478 ἒ
2244 5405 2643 5499 ἦῖὲῖἲῖῐξῦἐὶἰιὶξ
2650 5405 3079 5499 ἱέῐῖιῐῖᾗῇιήιξισῖιῖίι
3099 5405 3241 5499 una
3253 5405 3685 5499 ﬂgiigllgfdlsﬁr'iiﬂg

2200 5469 2701 5564 ἒὲὁῖιὶεῖἑιῖξῖίῖόυἷ
2717 5469 3191 5564 (ἷιῖεξίέίῖξιὲίίέιὲιι,ιξξιέι¹,
3213 5469 3684 5564 assumsit?

2200 5530 2223 5604 ii
2561 5530 3195 5623 :ié’qtibhi'itigain
3213 5545 3262 5592 in
3283 5535 3445 5623 gellula
3465 5530 3682 5623 ρξ’ἓὲξὲἔὲ

2201 5585 2222 5604 Ἇ
2246 5585 2482 5606 ιιιυιιωιυι
2493 5585 2539 5602 IV
2568 5585 3008 5622 Yuwurav-.uvvo-vo-n
3031 5585 3195 5595 υ-υ--ιν--ι
3215 5585 3262 5592 --
3287 5585 3355 5591 ---
3381 5585 3389 5586 κ

2201 5637 2222 5665 α
2245 5631 2404 5692 ςοηειιυ
2441 5615 2670 5692 tetricas
2704 5604 3408 5692 E‘lﬁtifti‘IaE;
3427 5601 3676 5692 ίρξρηεεηιεε.

2201 5714 2674 5793 iiéEJEiE'aiiiéiﬁ
2691 5714 3311 5790 siidﬁih'naif'tiéi'éhteg,
3329 5727 3467 5777 minus
3492 5714 3676 5770 diligwa"

2203 5823 2225 5852 α
2241 5817 2338 5855 nec
2357 5804 2541 5854 honore
2565 5802 2772 5852 maximo
2793 5798 2967 5862 dignos
2994 5795 3252 5860 judicabat.
3279 5807 3299 5837 ι
