3866 6392
87 493 115 631 l

140 318 228 377 577
534 367 541 371 .

138 423 206 466 tur
215 408 388 483 judicia
422 406 462 461 si
497 404 793 469 habueritis,
836 401 903 457 ad
950 417 1049 459 nos
1094 400 1332 467 deferte;
1382 409 1503 470 aut,
1557 416 1654 457 nos

136 501 390 559 constituite
424 498 487 552 ad
523 495 862 567 judicandum
897 514 907 550 :
939 495 1068 562 sed,
1111 512 1195 550 eos
1228 496 1314 567 qui
1354 496 1655 565 contempti-

133 596 229 649 biles
251 600 350 646 sunt
368 590 418 644 in
446 586 703 652 Ecclesia,
729 588 818 641 hos
838 629 851 652 ,
884 586 1086 658 inquit,
1114 586 1373 641 callocate.
1405 586 1485 639 Ad
1519 602 1657 641 reve-

131 687 299 741 rentiam
321 683 447 738 vobis
478 683 590 736 dico
614 699 634 736 :
662 682 730 735 sic
753 698 853 735 non
894 691 965 735 est
993 681 1124 735 inter
1152 697 1239 734 vos
1256 680 1530 751 quisquam
1574 696 1656 733 sa-

132 782 262 851 piens,
297 777 376 845 qui
413 775 564 847 possit
609 775 737 828 inter
786 779 997 845 fratrem
1048 790 1197 828 suum
1237 773 1519 844 judicare?
1550 772 1654 827 Sed

128 876 250 940 frater
282 883 382 920 cum
413 870 566 938 fratre
602 865 893 933 iudicatur,
946 874 992 919 et
1037 869 1132 919 hoc
1160 864 1300 933 apud
1328 864 1560 931 infideles
1611 862 1651 936 (l

127 963 215 1018 Cor.
240 979 307 1025 vr,
345 959 485 1031 Hi)!
518 958 795 1030 Sapientes
834 974 961 1029 ergo
988 958 1077 1027 qui
1110 957 1161 1011 in
1213 957 1343 1011 locis
1386 957 1652 1011 consiste-

128 1054 223 1109 bant
246 1053 402 1109 fideles
428 1061 482 1107 et
522 1060 764 1117 sanctos,
796 1066 904 1105 non
931 1050 1021 1120 qui
1066 1049 1167 1104 hac
1207 1058 1365 1119 atque
1391 1048 1492 1103 hac
1525 1063 1651 1118 pro-

130 1154 219 1218 pter
251 1145 566 1215 Evangelium
613 1144 1018 1210 discurrebant,
1066 1142 1248 1197 talium
1319 1142 1650 1213 negotiorum

123 1240 447 1295 examinatores
470 1252 591 1293 esse
616 1237 802 1291 voluit.
825 1236 979 1293 Unde
1007 1251 1279 1306 nunquam
1306 1235 1373 1291 de
1399 1236 1490 1290 illo
1519 1236 1651 1291 scri-

128 1343 237 1404 ptum
259 1340 326 1387 est
347 1330 479 1401 quod
508 1330 794 1401 aliquando
821 1330 1019 1385 talibus
1047 1330 1353 1396 vacaverit,
1387 1344 1417 1383 a
1456 1328 1650 1399 quibus

130 1441 203 1481 nos
233 1439 447 1481 excusare
476 1439 585 1479 non
620 1439 900 1494 possumus
921 1466 936 1489 ,
974 1423 1182 1478 etiamsi
1211 1420 1647 1491 contemptibiles

134 1518 279 1579 simus;
302 1518 408 1587 quia
450 1524 503 1571 et
530 1514 632 1570 hos
657 1516 910 1571 collocari
938 1516 1133 1577 voluit,
1180 1515 1225 1569 si
1256 1514 1525 1583 sapientes
1555 1513 1650 1568 de—

131 1609 319 1675 fuissent,
354 1609 522 1679 potius
564 1625 727 1680 quam
757 1618 814 1664 ut
844 1609 1055 1680 negotia
1081 1606 1505 1662 Christianorum
1550 1606 1646 1662 de-

126 1701 326 1757 ferrentur
363 1702 412 1755 in
458 1700 656 1755 forum.
697 1701 865 1769 Quem
909 1709 1086 1755 tamen
1130 1698 1368 1754 laborem
1399 1714 1505 1753 non
1532 1697 1647 1753 sine

123 1794 409 1848 consolatione
441 1793 653 1848 Domini
699 1792 1021 1862 suscipimus
1065 1807 1160 1862 pro
1190 1807 1285 1861 spe
1313 1792 1436 1845 vita:
1484 1799 1646 1844 teter-

124 1900 206 1948 ηρ,
231 1894 275 1939 ιιι
299 1883 512 1938 fructum
542 1883 782 1939 feramus
827 1898 948 1938 cum
979 1883 1280 1937 tolerantia.
1324 1882 1475 1937 Servi
1503 1881 1645 1935 enim

122 1991 256 2030 sumus
273 1975 370 2045 ejus
394 1976 648 2032 Ecclesia:
669 2016 685 2041 ,
734 1986 788 2030 ct
820 1974 1048 2029 maxime
1071 1972 1458 2028 infirmioribus
1482 1987 1645 2027 mem-

123 2066 224 2133 bris,
247 2068 525 2139 qualialibet
550 2071 567 2101 ¹
598 2070 656 2123 in
702 2068 891 2124 eodem
921 2082 1149 2137 corpore
1192 2066 1432 2123 membra
1456 2065 1640 2120 simus.

124 2158 267 2214 Omitto
290 2160 407 2247 alias
434 2160 857 2216 innumerabiles
880 2158 1273 2214 ecclesiasticas
1302 2170 1480 2223 curas,
1513 2170 1645 2226 quas

125 2250 289 2306 fortasse
315 2267 456 2308 nemo
484 2252 697 2318 credit,
732 2250 833 2306 nisi
860 2250 950 2321 qui
996 2258 1249 2319 expertus
1275 2255 1376 2303 est.
1409 2246 1526 2302 Non
1555 2262 1643 2301 er-

127 2361 172 2415 go
186 2346 410 2417 alligamus
438 2362 605 2402 onera
640 2345 859 2416 gravia,
892 2352 947 2400 et
972 2342 1211 2397 humeris
1230 2341 1423 2396 vestris
1468 2340 1643 2409 impo-

130 2439 248 2494 nimus
267 2456 367 2510 quae
396 2456 491 2495 nos
536 2440 709 2510 digito
736 2453 841 2493 non
873 2436 1171 2507 tangimus;
1214 2431 1642 2505 quandoquidem

136 2532 294 2588 siofﬁcii
328 2535 491 2589 nostri
522 2534 674 2588 salva
704 2532 912 2586 ratione
934 2543 1213 2601 possemus
1244 2525 1410 2595 (videt
1437 2524 1525 2578 ille
1552 2523 1643 2594 qui

143 2623 262 2691 probat
280 2626 422 2681 corda
458 2629 705 2696 nostra),
738 2623 1016 2679 mallemus
1044 2620 1160 2675 haec
1198 2632 1388 2689 agere,
1420 2632 1538 2686 quae
1587 2622 1645 2669 ut

148 2715 254 2783 agatis
274 2714 531 2772 hortamur
552 2759 568 2785 ,
601 2730 765 2787 quam
793 2729 856 2769 ea
885 2728 1004 2783 qua:
1046 2727 1143 2766 nos
1173 2724 1333 2781 agere
1377 2707 1638 2777 cogimur.

140 2802 230 2859 Sane
246 2809 461 2864 omnibus
506 2817 564 2863 et
598 2806 752 2861 nobis
777 2815 831 2861 et
856 2803 1007 2860 vobis
1034 2817 1128 2873 pro
1156 2809 1339 2856 nostro
1375 2797 1540 2869 gradu
1590 2806 1644 2851 et

133 2896 249 2954 ofﬁcio
271 2902 628 2958 laborantibus
654 2910 708 2955 et
733 2909 876 2954 arcta
906 2899 988 2952 via
1020 2895 1182 2951 estin
1209 2894 1391 2948 labore
1426 2902 1479 2947 et
1515 2906 1644 2946 aeru~

126 3004 231 3056 una;
255 3003 298 3047 et
324 3004 490 3050 tamen
539 2994 602 3049 in
633 3006 728 3062 spe
756 2988 1110 3062 gaudentibus
1143 2988 1328 3057 jugum
1377 2984 1494 3055 ejus
1520 2984 1642 3037 lene

120 3093 175 3137 est
193 3093 231 3138 et
248 3088 425 3142 sarcina
450 3088 597 3143 levis
617 3127 630 3151 ,
662 3086 753 3157 qui
794 3099 891 3139 nos
920 3082 1131 3137 vocavit
1151 3079 1217 3134 ad
1246 3078 1520 3149 requiem,
1550 3077 1642 3146 qui

121 3176 220 3241 prior
239 3181 490 3236 transitum
518 3178 676 3251 _fecit
718 3193 747 3232 a
786 3175 1027 3233 convalle
1051 3171 1361 3244 plorationis
1380 3211 1396 3235 ,
1425 3168 1514 3224 ubi
1545 3182 1643 3223 nec

121 3266 198 3335 ipse
229 3270 323 3326 sine
357 3272 633 3342 pressaris
681 3270 799 3324 fuit.
847 3268 902 3323 Si
951 3266 1180 3332 fratres,
1242 3264 1287 3318 si
1331 3261 1424 3316 filii
1473 3262 1642 3315 nostri

120 3362 288 3426 estis,si
312 3365 594 3429 conservi,
634 3364 715 3418 vel
756 3362 932 3432 potius
976 3360 1028 3413 in
1058 3357 1269 3415 Christo
1315 3355 1456 3411 servi
1480 3354 1642 3409 vestri

121 3466 278 3522 sumus;
306 3458 470 3515 audite
509 3473 641 3529 quae
682 3469 998 3520 monemus,
1032 3442 1303 3523 agnoscite
1350 3464 1468 3519 quae
1516 3463 1645 3517 prac-

119 3543 315 3616 θίρίιηιιε,
340 3552 534 3606 sumite
562 3565 683 3621 qua:
711 3548 1103 3619 dispensamus.
1149 3542 1205 3598 Si
1248 3552 1424 3597 autem
1456 3539 1643 3595 Phari-

120 3636 181 3689 saei
231 3654 390 3697 sumus
424 3643 711 3712 alligantes
753 3654 914 3693 onera
976 3636 1156 3707 gravia
1212 3642 1267 3689 et
1309 3636 1645 3701 imponentes

120 3726 297 3788 humeris
334 3736 557 3801 vestris;
607 3750 726 3804 qua:
768 3732 996 3787 dicimus
1040 3729 1230 3793 facile,
1272 3725 1482 3781 etiamsi
1524 3739 1644 3794 quae

120 3819 286 3881 facimus
322 3826 634 3898 improbatis
678 3824 887 3898 (Matth.
917 3837 1078 3888 χχιιι,
1125 3821 1205 3890 5).
1252 3817 1417 3873 Nobis
1465 3824 1642 3870 autem

120 3914 334 3973 minimum
362 3930 440 3975 est
466 3929 529 3975 ut
557 3935 588 3974 a
614 3918 765 3973 vobis
791 3915 1175 3986 dijudicemur,
1203 3920 1294 3965 aut
1318 3910 1386 3965 ab
1414 3910 1644 3964 humano

120 4004 181 4060 die
216 4009 248 4079 (l
286 4010 389 4066 Cor.
421 4029 474 4067 tv
498 4056 513 4078 ,
563 4013 646 4083 5).
679 4010 847 4078 Quam
889 4021 1145 4079 germana
1173 4004 1431 4060 charitate
1457 4002 1525 4056 sit
1550 4016 1646 4055 no-

120 4096 178 4152 bis
197 4114 301 4156 cura
332 4104 393 4160 de
415 4105 571 4160 vobis
592 4146 608 4169 ,
640 4102 730 4157 ille
766 4100 1013 4171 inspiciat
1036 4098 1127 4169 qui
1147 4096 1296 4152 dedit
1318 4093 1459 4164 quod
1490 4092 1646 4163 inspi-

121 4188 312 4248 ciendum
330 4196 438 4266 ejus
463 4195 641 4252 oculis
663 4192 969 4248 offeramus.
999 4191 1276 4245 Postremo
1315 4184 1455 4256 quod
1487 4183 1646 4238 vultis

122 4287 265 4342 sentite
301 4290 361 4345 de
399 4292 555 4347 nobis
598 4307 611 4342 :
659 4287 856 4343 Paulus
903 4283 1175 4354 apostolus
1222 4280 1371 4337 vobis
1409 4278 1647 4349 praecipit

122 4383 161 4429 et
192 4380 402 4439 obsecrat
440 4386 494 4439 in
540 4383 800 4461 Qomino,
848 4387 905 4434 ut
950 4394 1071 4433 cum
1116 4375 1362 4439 silentio,
1420 4372 1470 4427 id
1520 4380 1641 4438 est,

124 4469 246 4533 ‘luieli
266 4483 312 4528 et
334 4476 640 4532 obedienter
669 4473 898 4529 ordinati
927 4477 1215 4542 operantes
1234 4510 1248 4534 ,
1277 4474 1514 4523 vestrum
1554 4480 1644 4535 pa—

126 4577 213 4618 nem
248 4572 558 4629 manducetis
604 4570 671 4640 (ll
700 4568 879 4624 Thess.
910 4582 963 4621 ιιι
983 4579 1011 4631 ,’
1051 4566 1159 4636 12).
1191 4562 1303 4618 Nec
1330 4560 1398 4616 de
1440 4559 1530 4615 illo
1550 4601 1565 4626 ,
1592 4567 1649 4613 ut

128 4656 321 4726 arbitror,
342 4664 533 4735 aliquid
560 4662 687 4717 mali
707 4660 943 4723 creditis,
968 4666 1023 4713 et
1043 4658 1097 4712 in
1120 4657 1266 4712 illum
1292 4654 1381 4724 qui
1409 4669 1505 4724 per
1525 4666 1645 4707 eum

129 4743 308 4817 loquitur
330 4756 645 4811 credidistis.

175 4841 361 4901 CAPUT
415 4847 580 4904 XXX.
620 4876 691 4889 -—
729 4846 818 4902 38.
859 4844 1020 4898 Timet
1058 4859 1120 4897 ne
1167 4840 1360 4894 desidia
1398 4839 1647 4891 malorum

128 4933 397 4996 nigrescentes
424 4940 538 4995 boni
570 4946 980 5008 corrumpantur.
1028 4935 1173 4999 Hinc,
1210 4933 1282 4986 mi
1314 4929 1645 4993 charissime,

127 5022 215 5075 Clin
231 5027 403 5085 Christi
424 5030 716 5087 visceribus
742 5027 1044 5085 venerande
1067 5028 1228 5081 frater
1256 5022 1459 5087 Aureli,
1482 5036 1651 5092 quan-

129 5119 209 5165 tum
232 5116 422 5177 donavit
450 5133 502 5178 ut
540 5136 776 5193 possem,
804 5121 894 5190 qui
939 5133 1030 5188 per
1058 5127 1106 5171 te
1133 5115 1262 5170 mihi
1304 5114 1462 5184 jussit
1488 5121 1543 5167 ut
1572 5110 1648 5165 fa-

129 5212 357 5276 0iucunde
382 5230 537 5285 opere
564 5211 947 5270 monachorum
975 5225 1080 5265 non
1104 5206 1280 5263 distuli
1302 5206 1565 5269 scribere;
1598 5202 1649 5258 id

129 5300 311 5357 maxime
334 5320 533 5373 curans,
566 5322 636 5362 ne
663 5303 787 5359 boni
816 5303 1004 5358 fratres
1028 5298 1336 5371 apostolicis
1371 5296 1650 5368 praeceptis

131 5386 404 5465 oboedientes,
429 5414 455 5454 a
485 5400 652 5472 pigris
676 5407 731 5454 et
755 5395 1184 5454 inobedientibus
1210 5395 1370 5450 etiam
1402 5392 1651 5464 praevari-

133 5492 297 5543 catores
320 5490 578 5569 Evangelii
616 5494 925 5549 dicerentur
953 5510 965 5546 :
992 5499 1049 5545 ut
1079 5491 1169 5559 qui
1200 5503 1305 5542 non
1336 5494 1647 5557 operantur,

135 5575 281 5634 saltem
322 5585 434 5642 illos
467 5590 554 5660 qui
607 5597 898 5659 operantur
942 5586 1045 5641 sibi
1094 5581 1495 5654 anteponendos
1533 5593 1653 5635 esse

136 5679 217 5724 non
259 5674 489 5739 dubitent.
524 5684 786 5740 Caeterum
833 5683 952 5753 quis
995 5681 1132 5736 ferat
1179 5679 1421 5734 homines
1468 5683 1655 5730 contu-

191 5786 208 5821 '
225 5790 287 5841 Sic
302 5799 399 5849 lss.
425 5800 537 5851 nam
555 5808 695 5860 vero,
715 5792 1020 5863 quantalibet.

1493 306 1697 364 LIBER
1734 306 1938 367 UNUS.

3249 316 3355 375 578

1770 416 1949 459 maces
1976 401 2343 460 saluberrimis
2371 405 2612 476 Apostoli
2641 409 2858 466 monitis
2885 409 3221 480 resistentes,
3242 425 3353 466 non

1763 497 1901 553 sicut
1947 497 2269 555 infirmiores
2311 499 2549 567 tolerari,
2577 501 2672 557 sed
2699 502 2838 559 sicut
2862 504 3023 559 etiam
3059 504 3353 561 sanctiores

1764 591 2073 661 praedicari;
2123 601 2181 647 ιιι
2206 593 2530 649 monasteria
2561 593 2804 650 doctrina
2856 598 3066 652 saniore
3112 596 3349 664 fundata,

1761 684 1974 753 gemina
2014 684 2268 741 illecebra
2297 695 2730 756 corrumpantur,
2767 696 2823 742 et
2851 688 3111 743 dissoluta
3141 688 3351 743 licentia

1761 778 2076 845 vacationis,
2115 788 2170 834 et
2206 779 2341 834 falso
2375 780 2594 836 nomine
2622 780 2957 836 sanctitatis?
3002 781 3184 837 Sciant
3227 797 3353 851 ergo

1760 869 1920 924 etiam
1949 870 2130 925 caeteri
2159 869 2355 926 fratres
2375 880 2431 926 et
2454 870 2549 925 ﬁlii
2576 872 2766 937 nostri,
2800 872 2891 942 qui
2917 871 3098 928 favere
3139 872 3351 938 talibus,

1759 963 2157 1035 etlhujusmodi
2211 966 2684 1036 praesumptionem
2729 982 2825 1036 per
2868 966 3225 1039 ignorantiam
3255 967 3351 1021 de-

1759 1057 1978 1114 fendere
2017 1069 2364 1124 consuerunt,
2408 1074 2468 1113 se
2520 1059 2858 1129 potissimum
2899 1060 3263 1131 corrigendos,
3301 1066 3355 1113 ut

1758 1152 1836 1206 illi
1875 1152 2070 1222 corrigi
2111 1153 2339 1223 possint,
2376 1166 2485 1206 non
2524 1160 2584 1206 ut
2622 1152 2981 1217 inﬁrmentur,
3013 1153 3348 1209 benefacere.

1757 1245 1899 1301 Sane
1938 1246 1990 1299 in
2023 1258 2088 1300 eo
2128 1243 2269 1315 quod
2302 1245 2473 1300 servis
2514 1244 2611 1300 Dei
2639 1254 2883 1315 prompte
2921 1254 3080 1316 atque
3104 1248 3353 1304 alacriter

1756 1339 2057 1394 necessaria
2088 1338 2513 1402 subministrant,
2548 1352 2655 1393 non
2684 1338 2856 1393 solum
2909 1353 3014 1393 non
3047 1343 3347 1410 reprehen-

1754 1428 1952 1494 dimus,
1995 1429 2088 1485 sed
2136 1428 2296 1485 etiam
2342 1430 2658 1485 suavissime
2686 1430 3104 1501 amplectimur:
3136 1432 3228 1487 sed
3276 1450 3347 1489 ne

1755 1536 2004 1593 perversa
2038 1522 2407 1576 misericordia
2446 1522 2616 1592 magis
2653 1536 2839 1577 eorum
2879 1522 3071 1578 futuras
3099 1523 3220 1579 vitae
3247 1540 3347 1581 no-

1754 1624 1928 1681 ceant,
1958 1629 2116 1684 quam
2150 1614 2400 1684 praesenti
2440 1613 2779 1669 subveniant.

1825 1709 1916 1764 59.
1958 1709 2130 1763 Minus
2150 1709 2293 1763 enim
2326 1717 2597 1777 peccatur,
2624 1708 2667 1763 si
2694 1724 2801 1763 non
2832 1708 3079 1765 laudetur
3097 1720 3347 1780 peccator

1752 1803 1805 1857 in
1833 1802 2112 1858 desideriis
2151 1802 2343 1856 animae
2368 1816 2500 1868 suae,
2528 1811 2583 1857 et
2610 1802 2699 1872 qui
2729 1802 2909 1872 iniqua
2950 1804 3089 1873 gerit
3118 1804 3339 1860 benedi-

1751 1904 1903 1952 catur
1933 1894 2105 1966 (Psat.
2138 1910 2212 1959 ιχ,
2242 1893 2360 1964 24).

1820 1984 2046 2042 CAPUT
2085 1984 2278 2040 XXXI.
2302 2014 2371 2025 -—
2411 1983 2476 2039 In
2506 1983 2787 2039 Monachos
2814 1984 3039 2039 crinitos.
3073 1985 3209 2053 Quid
3239 2001 3341 2042 au-

1752 2089 1858 2136 tem
1888 2080 2141 2150 iniquius,
2164 2094 2321 2149 quam
2352 2078 2490 2133 velle
2515 2077 2618 2133 sibi
2660 2078 3017 2147 obtemperari
3058 2095 3088 2133 a
3128 2079 3349 2134 minori-

1751 2172 1871 2237 bus,
1900 2180 1955 2227 et
1979 2169 2121 2227 nolle
2149 2170 2525 2240 obtemperare
2548 2169 2879 2239 majoribus?
2910 2169 3170 2238 Apostolo
3203 2169 3344 2237 dico,

1750 2279 1858 2320 non
1909 2265 2094 2331 nobis,
2148 2263 2201 2318 in
2253 2271 2459 2318 tantum
2511 2272 2571 2317 ut
2617 2263 2780 2318 etiam
2821 2278 3030 2317 comam
3068 2264 3344 2319 nutriant:

1750 2358 1895 2413 unde
1918 2358 2008 2414 ille
2034 2372 2135 2413 nec
2155 2356 2417 2426 disputari
2444 2355 2666 2411 omnino
2690 2354 2880 2419 voluit,
2906 2354 3114 2419 dicens,
3147 2355 3209 2410 Si
3234 2356 3347 2425 quis

1749 2453 1855 2506 vult
1892 2450 2228 2505 contentiosus
2266 2465 2404 2514 esse,
2457 2465 2549 2501 nos
2591 2446 2741 2501 talem
2791 2446 3200 2500 consuetudinem
3244 2463 3347 2501 non

1750 2546 2008 2612 habemus,
2038 2561 2196 2614 neque
2224 2541 2457 2597 Ecclesia
2485 2540 2600 2594 Dei.
2637 2539 2749 2594 Hoc
2773 2549 2943 2592 autem
2971 2539 3209 2610 praecipio
3231 2555 3250 2592 :
3286 2549 3348 2594 ut

1750 2639 1957 2693 scilicet
1985 2652 2091 2691 non
2122 2633 2439 2690 disserentis
2465 2631 2681 2686 solertia
2725 2630 3046 2700 requiratur,
3075 2629 3171 2684 sed
3203 2646 3344 2699 pra:-

1749 2729 1999 2800 eipientis
2029 2729 2318 2784 auctoritas
2345 2710 2678 2781 attendatur.
2703 2722 2836 2779 Nam
2872 2730 2927 2777 et
2956 2723 3058 2777 hoc
3082 2738 3189 2793 quo
3217 2739 3342 2793 per-

1749 2828 1902 2890 tinet,
1942 2836 2145 2894 quaeso,
2187 2829 2293 2875 tam
2330 2828 2516 2889 aperte
2558 2826 2746 2873 contra
2787 2816 3031 2885 Apostoli
3076 2825 3342 2886 praecepta

1748 2913 2028 2974 comari‘?
2061 2914 2141 2969 An
2178 2913 2251 2967 ita
2272 2910 2569 2966 vacandum
2601 2916 2702 2973 est,
2726 2916 2910 2962 utnec
2935 2916 3179 2961 tonsores
3210 2922 3342 2978 ope-

1749 3007 1975 3064 rentur?
2024 3006 2103 3060 An
2130 3004 2252 3074 quia
2281 3001 2617 3072 evangelicas
2645 3000 2893 3054 volucres
2923 2997 3121 3053 imitari
3164 3012 3223 3053 se
3263 2997 3344 3052 di-

1748 3111 1897 3169 cunt,
1928 3099 2077 3171 quasi
2109 3097 2333 3169 depilari
2378 3096 2586 3160 timent,
2620 3109 2688 3148 ne
2733 3093 2915 3147 volare
2954 3107 3058 3146 non
3100 3091 3345 3161 possint?

1749 3195 1953 3251 Vereor
1990 3194 2042 3248 in
2071 3192 2173 3246 hoc
2198 3189 2386 3246 vitium
2415 3188 2565 3258 plura
2594 3186 2794 3250 dicere,
2836 3193 3057 3256 propter
3081 3184 3340 3255 quosdam

1749 3288 1973 3343 crinitos
1999 3286 2207 3349 fratres,
2235 3296 2463 3352 quorum
2504 3287 2699 3349 praeter
2746 3277 2848 3332 hoc
2889 3276 3053 3331 multa
3103 3284 3156 3330 et
3202 3291 3339 3346 pene

1749 3383 1928 3440 omnia
1959 3392 2297 3434 veneramur.
2335 3374 2441 3431 Sed
2472 3388 2578 3443 quo
2613 3371 2782 3442 magis
2810 3383 2905 3426 eos
2940 3369 2993 3424 in
3013 3368 3231 3424 Christo
3257 3368 3343 3423 di-

1750 3476 1983 3546 ligimus,
2018 3485 2085 3526 eo
2114 3467 2398 3524 sollicitius
2423 3465 2791 3520 admonemus.
2839 3459 3025 3530 Neque
3053 3460 3196 3515 enim
3226 3474 3342 3514 me-

1748 3572 1948 3626 tuimus
1990 3582 2062 3623 ne
2107 3562 2379 3619 humilitas
2430 3574 2615 3614 eorum
2661 3563 2877 3626 respuat
2920 3554 3342 3609 admonitionem

1749 3669 2023 3725 nostram;
2071 3651 2502 3728 quandoquidem
2545 3658 2599 3705 et
2627 3663 2725 3704 nos
2767 3662 2797 3701 a
2842 3646 3058 3711 talibus,
3090 3644 3175 3699 ubi
3205 3644 3344 3699 forte

1750 3752 2041 3808 titubamus
2084 3757 2176 3803 aut
2219 3746 2552 3809 aberramus,
2597 3740 2844 3810 cupimus
2889 3738 3186 3793 admoneri.
3232 3735 3345 3792 Hoc

1749 3856 1879 3913 ergo
1910 3839 2260 3895 admonemus
2288 3844 2394 3889 tam
2436 3840 2652 3887 sanctos
2679 3831 2846 3896 viros,
2874 3843 2943 3883 ne
2972 3829 3151 3884 stultis
3180 3842 3344 3883 vano-

1749 3949 1869 3990 rum
1924 3925 2475 4001 argumentationibus
2522 3929 2857 3986 moveantur,
2904 3927 2962 3974 et
3002 3934 3096 3974 eos
3140 3919 3191 3972 in
3245 3918 3345 3973 hac

1751 4022 2103 4096 perversitate
2146 4018 2441 4081 imitentur,
2471 4014 2662 4084 quibus
2692 4020 2816 4066 sunt
2846 4011 2899 4064 in
2941 4012 3150 4065 caeteris
3189 4011 3345 4082 longe

1751 4115 2062 4173 dissimiles.
2104 4112 2183 4166 llli
2221 4111 2364 4166 enim
2407 4107 2649 4162 venalem
2690 4102 3136 4159 circumferentes
3172 4105 3343 4175 hypo-

1751 4210 1962 4274 crisim,
2007 4208 2196 4261 timent
2250 4218 2320 4259 ne
2372 4200 2524 4255 vilior
2579 4197 2839 4253 habeatur
2885 4205 3039 4250 tonsa
3088 4196 3343 4252 sanctitas

1751 4317 1910 4375 quam
1956 4306 2185 4365 comata,
2220 4305 2277 4351 ut
2303 4293 2554 4348 videlicet
2596 4289 2688 4361 qui
2736 4304 2831 4343 eos
2882 4288 3048 4356 videt,
3096 4289 3343 4360 antiquos

1753 4397 1873 4453 illos
1903 4408 2036 4465 quos
2068 4391 2289 4462 legimus
2335 4391 2551 4458 cogitet,
2582 4382 2884 4445 Samuelem
2911 4389 2966 4437 et
3002 4390 3226 4436 crateres
3254 4382 3343 4452 qui

1752 4505 1860 4546 non
1901 4484 2257 4544 tondebantur
2286 4480 2470 4554 (Num.
2504 4492 2581 4540 vr,
2610 4473 2689 4547 5).
2711 4474 2822 4530 Nec
2842 4474 3075 4544 cogitant
3100 4473 3226 4543 quid
3252 4474 3344 4529 in-

1754 4582 1907 4639 tersit
1932 4581 2072 4635 inter
2099 4576 2231 4632 illud
2276 4570 2646 4644 propheticum
2689 4568 3069 4633 velamentum,
3107 4574 3163 4620 et
3206 4565 3344 4621 hanc

1754 4670 2030 4743 Evangelii
2056 4666 2459 4730 revelationem,
2489 4663 2556 4718 de
2580 4677 2683 4732 qua
2711 4660 2841 4715 dicit
2864 4658 3187 4729 Apostolus:
3218 4659 3344 4714 Cum

1754 4764 2014 4822 transieris
2039 4762 2106 4816 ad
2153 4759 2431 4825 Christum,
2459 4759 2716 4827 auferetur
2742 4753 2970 4807 uelamen
2996 4750 3071 4822 (ll
3100 4748 3220 4806 Cor.
3263 4769 3341 4822 ut,

1755 4859 1869 4931 16).
1916 4855 2067 4926 Quod
2108 4854 2249 4909 enim
2295 4847 2627 4921 signiﬁcabat
2673 4844 2922 4900 velamen
2971 4842 3343 4913 interpositum

1753 4953 1892 5009 inter
1910 4949 2098 5005 faciem
2139 4945 2305 5016 Moysi
2334 4952 2389 4998 et
2414 4948 2685 5010 aspectum
2725 4936 2909 5008 populi
2950 4935 3112 4991 Israel
3143 4936 3341 5007 (Exod.

1724 5050 1944 5128 jxxxrv,
1988 5039 2102 5111 35),
2131 5039 2233 5092 hoc
2281 5030 2611 5128 significabat
2653 5029 2759 5085 illis
2810 5028 3141 5128 temporibus
3184 5030 3344 5083 etiam

1753 5152 1905 5194 coma
1945 5140 2267 5189 sanctorum.
2294 5127 2427 5182 Nam
2457 5124 2597 5180 idem
2627 5122 2901 5193 apostolus
2931 5123 3090 5177 etiam
3136 5138 3344 5177 comam

1754 5244 1851 5301 pro
1880 5226 2182 5283 velamento
2202 5235 2322 5277 esse
2342 5219 2491 5283 dicit,
2513 5216 2667 5287 cujus
2692 5215 3009 5271 auctoritate
3045 5215 3130 5269 isti
3156 5229 3347 5283 urgen-

1755 5333 1863 5380 tur.
1911 5324 2109 5391 Aperte
2148 5317 2343 5389 quippe
2374 5314 2481 5369 ait:
2521 5310 2612 5365 Vir
2647 5310 2850 5382 quidem
2898 5310 2940 5362 si
2989 5319 3217 5362 comatus
3258 5307 3343 5370 sit,

1755 5415 2037 5490 ignominia
2063 5422 2136 5467 est
2160 5410 2258 5465 illi.
2292 5410 2460 5480 Ipsam
2488 5404 2854 5477 ignominiam,
2885 5402 3147 5471 inquiunt,
3177 5400 3347 5452 susci-

1758 5489 1933 5582 pimus
1958 5506 2149 5562 merito
2179 5512 2519 5573 peccatorum
2548 5505 2849 5552 nostrorum
2873 5511 2886 5547 :
2916 5491 2982 5545 ad
3021 5491 3123 5544 hoc
3143 5489 3340 5543 obten-

1757 5604 1945 5660 dentes
1973 5599 2233 5656 simulata:
2285 5593 2595 5651 humilitatis
2626 5585 3011 5647 umbraculum,
3044 5592 3103 5637 ut
3148 5584 3250 5637 sub
3275 5599 3342 5639 eo

1826 5786 1842 5819 1
1878 5783 2066 5849 Aliquot
2091 5789 2219 5843 uss,
2261 5776 2442 5830 conari.
2475 5774 2641 5858 Plures
2678 5769 2778 5831 alii,
2809 5777 3015 5827 vacare,
3056 5772 3140 5818 aut
3158 5778 3346 5824 mm.
