3880 6284
510 277 615 336 579

508 386 809 466 proponant
833 387 1073 445 venalem
1101 378 1323 461 lyphum
1342 384 1359 419 ί
1380 403 1394 453 ;
1415 384 1563 457 quasi
1585 374 1872 455 Apostolus
1906 380 2093 454 super-

507 484 650 541 biam
669 478 880 549 doceat,
908 490 1029 536 cum
1060 474 1208 547 dicit,
1244 472 1420 534 Omnis
1458 476 1533 533 vir
1559 482 1710 532 orans
1744 478 1831 530 aut
1877 476 2099 546 prophe-

511 586 625 631 taus
646 574 807 629 velato
827 574 1010 644 capite,
1031 571 1295 644 confundit
1316 579 1465 642 caput
1488 578 1670 635 suum;
1696 578 1769 636 et,
1796 560 1886 623 Vir
1899 566 2101 640 quidem

512 662 615 723 non
643 666 782 721 debet
830 666 998 719 velare
1037 673 1210 734 caput,
1255 679 1367 718 cum
1407 662 1470 717 sit
1517 662 1684 733 imago
1725 670 1772 716 et
1813 659 1977 732 gloria
2008 658 2102 715 Dei

514 760 565 835 (l
593 758 711 817 Cor.
758 774 834 823 ιι,
877 756 1054 827 446).
1096 756 1195 826 Qui
1237 770 1363 827 ergo
1403 754 1551 822 dicit,
1594 770 1696 809 non
1741 752 1901 822 debet,
1932 755 2102 810 nescit

514 852 655 909 forte
688 842 883 906 docere
912 849 1282 904 humilitatem.
1332 845 1438 901 Sed
1481 845 1526 900 si
1571 842 1707 901 hanc
1755 838 2101 923 ignominiam

515 954 758 1016 tempore
784 936 1077 1011 Evangelii,
1110 936 1252 1009 quod
1290 944 1404 993 erat
1429 944 1820 993 sacramentum
1863 943 2103 1008 tempore

513 1035 827 1109 praphetiat,
852 1046 949 1105 pro
978 1028 1278 1086 humilitate
1310 1029 1398 1086 isti
1425 1032 1716 1101 appetunt;
1747 1028 2025 1095 tondeant,
2048 1034 2105 1085 et

513 1127 689 1185 cilicio
715 1133 875 1197 caput
906 1122 1105 1179 velent.
1150 1120 1257 1177 Sed
1300 1128 1406 1176 non
1450 1122 1552 1177 erit
1594 1124 1722 1177 tunc
1766 1112 1974 1192 Species
2013 1120 2102 1175 illa

515 1214 740 1285 venalis,
767 1215 887 1287 quia
911 1215 1139 1271 Samson
1168 1220 1276 1270 non
1304 1212 1499 1283 cilicio,
1531 1212 1630 1270 sed
1655 1220 1806 1269 coma
1828 1211 2104 1269 velabatur

516 1311 714 1387 (Judic.
747 1322 865 1375 xvi,
898 1309 1011 1379 i7).

583 1401 812 1461 CAPUT
851 1394 1266 1457 ΧχΧιι.-ιιι.
1310 1394 1555 1455 Perversa
1582 1398 1926 1470 interpretatio
1956 1393 2102 1453 Scri-

515 1503 681 1570 ptura:
714 1511 803 1566 per
838 1494 1047 1549 crinitas
1096 1492 1388 1547 monachos.
1436 1490 1636 1547 Paulus
1664 1490 1921 1562 apostolus
1960 1500 2101 1545 sum-

514 1605 653 1644 mam
699 1589 979 1641 castitatem
1023 1587 1301 1658 professus.
1344 1580 1664 1656 Prteceptum
1713 1582 1834 1637 uiris
1896 1582 1960 1636 de
2001 1596 2104 1636 non

515 1678 731 1737 celando
770 1680 953 1750 capite.
1006 1668 1153 1732 Mens
1198 1692 1288 1748 per
1321 1675 1506 1743 uirum,
1559 1674 1963 1747 concupiscentia
2014 1688 2104 1744 per

515 1773 777 1829 mulierem
804 1764 1045 1841 ﬁgurata.
1076 1767 1193 1823 1am
1218 1766 1368 1834 illud,
1396 1768 1441 1820 si
1470 1765 1576 1821 dici
1606 1774 1803 1837 potest,
1831 1774 1988 1837 quam
2017 1763 2104 1819 lu-

516 1875 704 1925 ctuose
737 1862 1022 1920 ridiculum
1058 1868 1160 1927 est,
1184 1859 1323 1931 quod
1352 1873 1536 1914 rursus
1563 1858 1878 1914 invenerunt
1912 1855 1980 1911 ad
2005 1855 2104 1911 dc-

514 1959 813 2018 fensionem
840 1954 1068 2011 crinium
1108 1962 1348 2008 suorum.
1373 1951 1580 2017 Virum,
1608 1950 1876 2021 inquiunt,
1917 1948 2103 2019 prohi-

515 2051 635 2109 buit
675 2047 959 2120 Apostolus
990 2045 1186 2101 habere
1220 2057 1431 2100 comam
1460 2061 1476 2098 :
1507 2043 1597 2114 qui
1642 2051 1819 2097 autem
1857 2054 1917 2096 se
1958 2039 2105 2111 ipsos

516 2147 885 2202 castraverunt
932 2145 1150 2211 propter
1187 2142 1412 2208 regnum
1456 2134 1714 2191 caelorum
1745 2130 1957 2207 (Matth.
1989 2146 2101 2200 ιιι,

519 2233 635 2308 l2),
662 2235 771 2305 jam
822 2246 927 2287 non
965 2238 1092 2285 sunt
1136 2228 1256 2284 viri.
1302 2227 1350 2283 Ο
1377 2225 1700 2287 dementiam
1749 2223 2099 2295 singularem!

515 2328 708 2387 Merito
737 2325 827 2399 qui
851 2324 955 2379 hoc
987 2322 1132 2388 dicit,
1162 2322 1417 2377 adversus
1444 2327 1643 2376 sanctae
1671 2317 1962 2387 Scripturte
1988 2326 2106 2371 ma-

517 2422 713 2481 nifesta
753 2417 1017 2491 prmconia
1045 2414 1269 2472 consilio
1308 2412 1551 2469 nefandae
1593 2410 1883 2482 impietatis
1922 2416 2102 2463 arma-

518 2524 625 2580 tur,
667 2520 721 2570 ct
754 2510 1060 2583 perseverat
1097 2509 1152 2563 in
1190 2504 1384 2562 itinere
1426 2508 1693 2571 tortuoso,
1720 2510 1774 2559 et
1800 2501 2104 2572 pestiferam

517 2609 815 2667 doctrinam
856 2606 1078 2660 conatur
1116 2600 1388 2665 inducere,
1426 2599 1546 2669 quia
1588 2606 1693 2651 non
1720 2603 1807 2652 est
1834 2595 2004 2649 beatus
2027 2594 2106 2648 vir

516 2700 604 2773 qui
631 2714 731 2755 non
758 2696 879 2752 abiit
906 2696 959 2750 in
982 2692 1191 2749 consilio
1213 2691 1506 2762 impiarum,
1525 2698 1574 2745 et
1601 2689 1657 2743 in
1682 2688 1764 2742 uia
1783 2696 2103 2759 peccatorum

516 2807 622 2847 non
657 2789 811 2856 stetit,
844 2797 891 2843 et
924 2787 980 2841 in
1014 2784 1255 2840 cathedra
1294 2781 1593 2853 pestilentiae
1623 2794 1727 2835 non
1762 2780 1892 2835 sedit
1930 2777 2100 2849 (Psal.

516 2883 642 2953 1,1).
664 2881 793 2936 Nam
820 2878 864 2934 si
890 2878 944 2933 in
965 2877 1081 2947 lege
1099 2874 1197 2931 Dei
1215 2874 1563 2929 meditaretur
1590 2871 1677 2927 die
1695 2885 1757 2926 ac
1784 2877 1961 2937 nocte,
1992 2869 2103 2925 illic

518 2975 791 3033 inveniret
835 2972 1008 3039 ipsum
1051 2966 1349 3038 apostolum
1394 2965 1638 3031 Paulum,
1670 2965 1759 3035 qui
1787 2972 1933 3019 certe
1958 2976 2105 3018 sum-

520 3079 665 3123 mam
695 3063 990 3119 castitatem
1016 3058 1291 3130 proi'essus
1313 3056 1463 3123 dicit,
1501 3054 1694 3110 Vellem
1733 3064 1900 3109 autem
1934 3068 2105 3109 omnes

521 3156 751 3211 homines
779 3167 886 3208 esse
916 3153 1046 3206 sicut
1079 3162 1160 3204 me
1184 3149 1351 3221 ipsum
1371 3146 1423 3220 (Ι
1450 3146 1571 3203 Car.
1597 3160 1689 3212 vti,
1713 3146 1809 3219 7):
1837 3154 1895 3203 et
1926 3154 2103 3201 tamen

520 3264 581 3308 se
603 3250 775 3306 virum
805 3244 1040 3302 ostendit
1067 3253 1174 3299 nan
1218 3242 1391 3298 solum
1433 3242 1506 3296 ita
1538 3240 1795 3307 vivendo,
1821 3240 1917 3295 sed
1944 3239 2104 3296 etiam

523 3343 596 3396 ita
640 3336 928 3410 loquendo.
967 3336 1054 3391 Ait
1092 3335 1237 3391 enim
1262 3352 1274 3387 :
1302 3332 1430 3387 Cum
1468 3347 1624 3387 essem
1666 3334 1922 3403 paratus,
1956 3332 2106 3402 quasi

522 3432 766 3507 parvulus
790 3429 1045 3500 loquebar,
1077 3427 1221 3498 quasi
1247 3426 1492 3495 parvulus
1511 3422 1788 3495 rapiebant,
1815 3424 1961 3495 quasi
1981 3440 2104 3494 par-

522 3525 673 3579 vulus
697 3520 1011 3593 cogitabam;
1045 3532 1161 3573 cum
1191 3524 1356 3570 autem
1384 3516 1459 3570 uir
1484 3514 1691 3583 eﬂ'eattts
1711 3526 1845 3579 sum,
1870 3515 2107 3569 evanui

523 3628 585 3673 ea
617 3628 730 3687 qua:
771 3611 968 3685 parvuli
989 3619 1128 3665 erant
1162 3607 1276 3677 (Id.
1308 3620 1428 3674 ιιιι,
1452 3606 1562 3679 ii).
1591 3606 1696 3663 Sed
1719 3606 1846 3678 quid
1874 3608 2105 3676 Aposto-

522 3707 634 3763 lum
664 3710 1103 3768 commemorem,
1120 3706 1247 3755 cum
1266 3698 1336 3754 de
1357 3699 1474 3769 ipso
1504 3697 1733 3753 Domino
1756 3706 1811 3753 et
1831 3696 2106 3754 Salvatom

525 3806 712 3856 nostra
736 3794 977 3851 nesciant
1004 3792 1131 3865 quid
1156 3791 1410 3859 sentiant,
1443 3791 1533 3861 qui
1578 3790 1692 3846 haec
1719 3792 1922 3847 dicunt.
1971 3791 2103 3848 Nam
2135 3840 2141 3847 .

523 3889 595 3947 de
619 3903 724 3959 quo
751 3887 857 3941 alio
886 3884 1094 3950 dicitur,
1135 3882 1312 3938 Donec
1339 3894 1660 3937 occurramus
1696 3894 1867 3938 mes
1892 3884 1949 3938 in
1986 3884 2104 3938 uni-

525 3989 677 4037 tatem
702 3978 822 4049 ﬁdei
849 3986 897 4032 et
923 3976 1229 4049 agnitionem
1255 3973 1382 4030 Filii
1409 3975 1522 4041 Dei,
1544 3976 1598 4030 in
1628 3976 1791 4031 virum
1808 3976 2103 4049 perfectum,

524 4075 578 4129 in
610 4084 899 4127 mensuram
925 4069 1088 4125 atatis
1126 4060 1454 4140 plenitudinis
1492 4069 1716 4136 Chi-iui;
1753 4079 1808 4124 nt
1839 4069 1975 4125 ultra
2004 4084 2108 4126 non

524 4166 682 4222 simus
713 4164 911 4236 parvuli
924 4163 1108 4235 jactatl
1132 4170 1180 4217 et
1210 4161 1496 4217 circumtuli
1514 4163 1650 4217 omni
1677 4172 1821 4217 vento
1841 4163 2104 4232 doctrinae,

525 4256 581 4313 in
629 4256 867 4312 illusione
915 4254 1195 4320 hominum,
1235 4254 1292 4307 in
1338 4253 1529 4307 astutia
1574 4254 1643 4307 ad
1686 4254 2108 4309 machinationem

528 4348 715 4404 erroris
746 4345 959 4417 (Ephes.
990 4358 1063 4411 tv,
1097 4344 1165 4398 ts
1184 4352 1235 4398 et
1257 4344 1390 4413 is)?
1417 4344 1531 4412 Qua
1558 4344 1804 4401 illosione
1831 4346 1918 4401 isti
1958 4346 2108 4401 deci-

528 4442 681 4513 piunt
708 4436 1002 4508 imperitos,
1022 4450 1124 4506 qua
1151 4436 1343 4491 astutia
1367 4442 1424 4490 'et
1448 4437 1891 4492 machinamentis
1912 4438 2107 4494 inimici

529 4543 585 4591 et
605 4533 705 4602 ipsi
731 4529 1197 4594 circumferuntur,
1224 4536 1278 4581 et
1310 4527 1363 4581 in
1393 4540 1487 4583 sua
1510 4528 1910 4585 circumlatione
1926 4529 2110 4585 cottae-

530 4632 713 4683 rentes
737 4623 840 4678 sibi
868 4623 1075 4677 animos
1102 4620 1435 4675 inﬁrmorum
1477 4620 1707 4691 quodam
1738 4621 1897 4677 modo
1934 4632 2112 4679 retere

532 4724 814 4780 conantur,
870 4722 924 4768 ut
968 4710 1171 4784 pariter
1216 4712 1460 4768 nesciant
1512 4712 1601 4767 ubi
1641 4710 1766 4767 sint.
1819 4713 2115 4770 Audierunt

534 4807 674 4861 enim
698 4805 783 4859 vel
812 4806 1055 4875 legerunt
1078 4804 1219 4875 quod
1244 4804 1497 4874 scriptum
1522 4814 1624 4871 est,
1651 4805 1962 4877 Quicumque
1979 4806 2114 4861 enim

535 4896 917 4967 baptizatiestis
954 4896 1011 4949 in
1046 4895 1267 4964 Christo,
1309 4895 1563 4951 Christum
1602 4894 1874 4952 induistis:
1900 4898 1988 4952 ubi
2012 4912 2116 4955 mn

537 4996 609 5042 est
653 4984 888 5049 ludius,
924 4998 1081 5056 neque
1116 4984 1358 5050 Graecus;
1396 5002 1499 5041 non
1529 5000 1721 5056 servits,
1762 5002 1922 5059 neque
1952 4990 2115 5057 liber;

538 5094 638 5132 non
684 5076 960 5142 masculus,
1004 5090 1161 5148 neque
1202 5078 1390 5149 {cndita
1419 5077 1613 5154 (Gala.
1640 5096 1717 5148 ιιι,
1743 5080 1813 5135 θνῚ
1838 5081 2028 5153 3198);
2058 5092 2115 5139 et

538 5184 644 5223 non
692 5167 993 5237 intelligunt
1018 5166 1311 5223 secundum
1346 5170 1369 5200 ⁸
1390 5170 1622 5227 carnalis
1660 5186 1820 5228 sexus
1856 5175 2113 5245 concupi-

535 5259 794 5315 scentiam
836 5257 938 5312 hoc
962 5272 1087 5314 esse
1110 5257 1334 5328 dictum,
1365 5261 1484 5331 quia
1510 5261 1564 5316 in
1592 5262 1845 5319 interiore
1873 5264 2111 5335 homine,

537 5351 624 5406 ubi
654 5365 977 5406 renovamur
998 5349 1053 5404 in
1078 5350 1313 5407 novitate
1338 5352 1535 5408 mentis
1562 5362 1761 5408 nostrae
1789 5352 1868 5427 (ll
1887 5354 2006 5411 Cor.
2039 5374 2114 5427 tv,

536 5444 649 5513 16),
678 5443 855 5498 nullus
881 5457 1042 5498 sexus
1075 5441 1373 5513 huiusmodi
1407 5455 1507 5500 est.
1538 5444 1654 5500 Non
1679 5461 1810 5517 ergo
1836 5457 2116 5518 propterea

535 5548 593 5589 se
622 5544 816 5605 negent
847 5534 1011 5603 viros,
1040 5535 1164 5607 quia
1204 5533 1502 5595 masculino
1543 5551 1681 5593 sexu
1708 5538 1842 5594 nihil
1886 5556 2117 5611 operan-

602 5665 619 5729 ξ
656 5663 821 5714 Plures
838 5672 964 5727 Mm,
983 5669 1168 5729 typum.

602 5726 1969 5800 ’MVtWWwI-Mmabemuonem.
2006 5746 2121 5792 eia

536 5783 787 5859 ιιετίδψιέ

1159 253 1524 359 necesse
1564 258 2064 335 nonasnonas,
2103 260 2162 323 s.

2205 256 2577 324 annosum
2614 264 2817 323 LIBER
2858 265 3060 323 unus.
3653 256 3733 341 ito

2207 387 2312 438 tur.
2355 374 2488 437 Nam
2516 390 2571 438 et
2596 368 2860 456 conjugali
2902 380 3176 441 christiani
3211 378 3301 458 qui
3344 378 3449 445 hoc
3474 405 3733 468 operantur,

2207 490 2314 530 non
2355 475 2647 532 secundum
2676 474 2778 532 hoc
2821 477 3005 551 utique
3050 470 3324 536 christiani
3354 491 3494 549 sunt,
3521 487 3643 557 quod
3664 489 3736 546 tu.

2208 567 2334 625 bent
2362 585 2647 626 commune
2688 587 2831 643 cunt,
2849 568 3059 628 caeteris
3097 589 3203 629 non
3228 570 3556 641 christianis,
3578 590 3625 636 et
3647 599 3738 642 cum

2208 652 2341 734 ipsis
2381 658 2680 735 pecoribus.
2711 660 2868 720 Aliud
2909 675 2991 720 est
3031 666 3175 721 enim
3202 664 3345 737 quod
3376 667 3460 723 vel
3500 666 3740 734 inﬁrmitati

2207 756 2539 827 conceditur,
2597 752 2686 814 vel
2744 756 2954 814 mortali
3023 760 3391 830 propagationi
3447 766 3741 835 persolvitur;

2206 849 2349 906 aliud
2392 860 2569 906 autem
2613 846 2755 923 quod
2798 851 2865 908 ad
2911 851 3294 923 capessendam
3347 855 3678 927 incorruptam
3703 870 3743 920 et

2207 953 2465 1000 aeternam
2492 944 2653 999 vitam
2694 942 2835 1001 ﬁdeli
2868 942 3201 1014 professione
3245 934 3615 1016 signiﬁcatur‘.
3640 952 3745 1010 Illud

2208 1050 2338 1108 ergo
2362 1035 2506 1107 quod
2544 1032 2612 1092 de
2635 1051 2742 1091 non
2778 1033 3007 1093 velanda
3034 1037 3210 1107 capite
3233 1036 3366 1092 viris
3390 1038 3684 1111 prmcipitttr,
3705 1043 3745 1100 in

2208 1142 2434 1199 corpore
2470 1128 2685 1199 quidem
2718 1126 2992 1199 ﬁguratur,
3020 1125 3115 1182 sed
3144 1128 3199 1182 in
3241 1137 3428 1184 mente
3465 1129 3564 1200 agi,
3591 1133 3665 1188 ubi
3685 1142 3747 1190 est
3838 1125 3839 1203 ξ

2209 1219 2384 1290 imago
2408 1227 2462 1275 et
2480 1218 2647 1290 gloria
2674 1212 2784 1286 Dei,
2815 1216 2979 1274 verba
3005 1218 3121 1290 ipsa
3149 1217 3423 1275 indicant:
3454 1214 3540 1273 Vir
3564 1214 3742 1292 quidem,

2208 1302 2396 1380 inquit,
2431 1326 2533 1364 non
2555 1309 2695 1364 debet
2721 1309 2888 1364 uelare
2914 1320 3089 1380 caput,
3112 1325 3228 1384 cum
3257 1308 3323 1363 sit
3350 1309 3518 1381 imago
3546 1322 3588 1365 et
3623 1312 3747 1384 gloria

2207 1392 2324 1454 Dei.
2378 1392 2480 1457 Ubi
2529 1408 2708 1457 autem
2740 1398 2810 1454 ait
2851 1397 2967 1454 haec
3006 1396 3182 1471 imago
3214 1382 3348 1470 ipse
3395 1382 3639 1467 declarat,
3654 1418 3747 1459 cum

2208 1484 2372 1547 dicit:
2407 1488 2583 1547 Nolite
2622 1490 2822 1546 mentiri
2865 1486 3114 1556 invicem;
3155 1490 3497 1564 exspaliantes
3523 1505 3747 1553 nutantes

2207 1590 2417 1637 ueterem
2454 1582 2706 1638 hominem
2734 1599 2847 1637 cum
2886 1581 3083 1660 actibus
3125 1584 3255 1655 ejus,
3288 1574 3487 1639 induite
3509 1588 3748 1660 novuqu

2208 1685 2480 1730 renovatur
2522 1675 2578 1730 in
2604 1675 2911 1747 agnitionem
2938 1673 3032 1753 Dei
3069 1658 3351 1731 iecundum
3391 1677 3645 1750 imaginem
3667 1658 3747 1755 eis;

2208 1768 2296 1837 qui
2318 1767 2503 1821 creavit
2524 1782 2637 1821 eum
2663 1763 2882 1838 (Calass.
2901 1782 2975 1832 ιιι,
3006 1765 3041 1822 9
3065 1774 3111 1821 et
3133 1764 3244 1840 10).
3277 1766 3412 1837 Quis
3437 1768 3624 1826 dubitet
3643 1770 3748 1829 hanc

2208 1857 2609 1912 renovationem
2637 1857 2688 1911 in
2715 1865 2894 1913 mente
2920 1854 3075 1912 ﬁeri?
3104 1852 3211 1914 Sed
3242 1866 3298 1915 et
3326 1860 3419 1931 qui
3445 1859 3651 1931 dubitat,
3676 1880 3745 1919 au-

2210 1945 2323 2003 diat
2344 1948 2667 2018 apertiorem
2690 1947 3032 2003 sententiam.
3058 1944 3259 2005 Eadem
3284 1951 3482 2022 quippe
3503 1953 3745 2012 admonens

2208 2039 2281 2096 ita
2309 2037 2437 2096 dicit
2462 2039 2569 2095 alio
2597 2040 2713 2096 loco
2739 2057 2753 2093 :
2787 2034 2935 2096 Sicut
2961 2048 3031 2096 est
3057 2040 3240 2097 veritas
3279 2045 3335 2098 in
3376 2040 3514 2112 Iesu,
3541 2045 3743 2118 deponere

2209 2146 2295 2187 vos
2321 2130 2599 2187 secundum
2643 2132 2864 2204 priorem
2906 2134 3339 2190 conversationem
3381 2144 3583 2192 aeterm
3616 2140 3743 2194 nanti-

2209 2241 2357 2291 nent,
2402 2241 2515 2280 eum
2574 2220 2662 2296 qui
2714 2223 3055 2295 corrumpitur
3108 2226 3391 2281 secundum
3439 2228 3744 2300 concupiscen-

2210 2317 2308 2372 tias
2345 2316 2693 2387 deceptionis;
2732 2319 3044 2373 renavamini
3071 2328 3240 2374 autem
3279 2320 3465 2391 spiritu
3500 2323 3658 2378 mentis
3686 2341 3744 2377 re-

2208 2417 2346 2477 slrte,
2392 2418 2437 2466 et
2467 2410 2661 2464 induite
2704 2424 2889 2465 novum
2932 2410 3205 2477 hominem,
3253 2430 3370 2468 eum
3405 2415 3492 2487 qui
3524 2417 3742 2470 secundum

2209 2499 2376 2556 Deum
2416 2510 2614 2555 creatus
2665 2506 2739 2555 est
2781 2498 2995 2573 (Ephes.
3039 2518 3112 2571 tv,
3168 2498 3395 2578 ει-ει).
3449 2490 3577 2575 Quid
3622 2507 3743 2578 ergo?

2194 2595 2461 2649 mulieres
2485 2606 2590 2649 nan
2628 2590 2826 2649 habent
2857 2592 2996 2650 hanc
3024 2594 3425 2653 in’notationem
3467 2602 3658 2666 mentis,
3676 2598 3739 2654 ubi

2210 2695 2294 2744 est
2335 2688 2509 2759 imago
2546 2682 2683 2743 Dei?
2730 2682 2860 2757 Quis
2890 2685 2994 2744 hoc
3022 2687 3259 2745 dixerit!
3302 2689 3414 2747 Sed
3448 2691 3664 2764 corporis
3682 2692 3740 2746 sui

2210 2795 2340 2837 sexu
2371 2796 2475 2836 non
2498 2797 2616 2837 eam
2646 2780 2983 2853 signiﬁcant:
3010 2790 3295 2854 prOpterea
3333 2778 3498 2841 velari
3515 2778 3735 2856 iubentur.

2210 2873 2358 2929 Illam
2381 2876 2575 2946 quippe
2603 2872 2906 2945 signiﬁcant
2930 2884 3158 2946 partem,
3182 2892 3250 2932 eo
3276 2876 3393 2948 ipso
3420 2893 3521 2949 quo
3543 2877 3737 2932 mulieres

2210 2976 2353 3032 sunt,
2399 2984 2518 3039 quae
2560 2966 3062 3038 concupiscentiaiis
3107 2964 3211 3024 dici
3266 2979 3463 3042 potest,
3508 2969 3585 3026 cui
3626 2984 3737 3025 mens

2210 3058 2534 3128 dominatur,
2565 3060 2726 3115 etiam
2754 3056 2871 3130 ipsa
2896 3052 3105 3115 subdita
3136 3054 3255 3116 Deo
3300 3076 3422 3129 suo,
3450 3058 3639 3132 quando
3672 3075 3736 3115 re-

2209 3154 2446 3210 ctissime
2482 3162 2538 3210 et
2574 3150 2972 3209 ordinatissime
3011 3148 3226 3209 vivitur.
3258 3148 3413 3224 Quod
3447 3169 3568 3225 ergo
3601 3162 3667 3209 est
3698 3150 3734 3206 in

2210 3261 2317 3301 uno
2344 3244 2559 3301 homine
2585 3259 2738 3300 mens
2763 3251 2817 3300 et
2843 3245 3275 3315 concupiscentia
3304 3244 3325 3318 (
3340 3244 3427 3301 illa
3463 3247 3592 3301 enim
3616 3244 3733 3315 regit,

2212 3338 2327 3394 haec
2365 3339 2602 3411 regitur;
2655 3334 2745 3393 illa
2772 3338 3095 3405 dominatur,
3127 3339 3244 3395 haec
3284 3336 3567 3413 subditur),
3595 3328 3733 3394 hocin

2210 3430 2418 3490 duobus
2444 3430 2769 3495 hominibus,
2793 3433 2910 3488 viro
2936 3441 2991 3488 et
3016 3433 3263 3502 muliere,
3294 3430 3569 3490 secundum
3595 3446 3733 3487 serum

2210 3518 2453 3595 corporis
2484 3524 2757 3595 ﬁguratur.
2782 3516 2863 3579 De
2887 3539 2993 3595 quo
3021 3534 3361 3580 sacramento
3395 3525 3596 3596 loquens
3627 3524 3731 3590 Apo-

2210 3612 2380 3672 stolus
2427 3610 2575 3684 dicit,
2618 3614 2789 3670 virum
2838 3628 2945 3670 non
2994 3614 3192 3671 debere
3238 3614 3420 3681 velari,
3462 3613 3547 3671 sed
3584 3611 3731 3669 debere

2211 3700 2513 3763 mulierem.
2571 3702 2744 3763 Tanto
2791 3707 2935 3761 enim
2987 3706 3273 3778 gloriosius
3322 3723 3468 3763 mens
3510 3706 3569 3762 ad
3612 3718 3730 3774 supe-

2212 3794 2353 3856 riora
2398 3809 2765 3871 promovetur,
2795 3802 2992 3870 quan’to
3023 3796 3326 3871 diligentius
3358 3794 3423 3854 ab
3458 3792 3729 3853 inferioribus

2211 3890 2641 3962 concupiscentia
2692 3889 3005 3957 cohibetur;
3061 3886 3230 3948 donec
3280 3890 3420 3948 totus
3457 3888 3601 3944 homo
3641 3898 3727 3939 cum

2213 3983 2331 4055 ipso
2361 3983 2522 4039 etiam
2565 3979 2777 4038 mortali
2809 3997 2950 4038 nunc
2982 3990 3037 4039 et
3073 3982 3243 4055 fragili
3273 3984 3491 4054 carpore
3510 3978 3558 4034 in
3590 3990 3725 4032 resur-

2214 4078 2453 4134 rectione
2479 4075 2767 4158 novissima
2793 4074 3193 4148 incorruptione
3214 4086 3373 4151 atque
3397 4070 3727 4133 immortalitate

2212 4168 2481 4234 induatur,
2511 4174 2564 4223 et
2601 4166 2951 4225 absorbeatur
2995 4183 3142 4224 mors
3180 4168 3235 4225 in
3263 4166 3533 4231 victoriam,
3568 4160 3614 4237 (Ι
3636 4159 3721 4218 Cor.

2213 4274 2306 4328 xv,
2346 4256 2458 4329 54).
2886 4262 2893 4269 '
3048 4250 3053 4255 ’

2284 4342 2509 4405 CAPUT
2546 4342 2787 4404 XXXIII.
2801 4340 2945 4406 -Η
2958 4390 2972 4404 .
2993 4336 3163 4405 Bonos
3174 4351 3414 4422 quosdam
3427 4344 3719 4413 crinitosrogal

2214 4452 2271 4497 ut
2316 4440 2528 4513 capillos
2580 4441 2786 4497 radunt.
2814 4430 3148 4513 Quapropter
3168 4445 3258 4514 qui
3302 4449 3438 4501 recta
3483 4438 3629 4494 facere
3659 4445 3723 4487 n0-

2217 4534 2352 4602 lunt,
2382 4530 2627 4589 desinant
2659 4533 2846 4589 saltem
2874 4528 3069 4591 decere
3098 4538 3369 4606 perversa.
3396 4530 3492 4589 Sed
3526 4526 3598 4584 alii
3615 4529 3718 4581 sunt.

2217 4640 2351 4696 quos
2390 4629 2492 4681 isto
2536 4634 2781 4681 Sermone
2807 4627 3162 4697 corripimus‘
3187 4645 3200 4682 :
3232 4623 3352 4684 illos
3378 4634 3534 4681 autem
3558 4618 3628 4690 qui
3648 4614 3720 4669 hoc

2218 4734 2325 4776 uno
2349 4719 2477 4772 vitio
2503 4718 2818 4787 capillorum
2856 4728 3041 4774 contra
3085 4729 3401 4791 praeceptum
3441 4706 3715 4785 apostolicum

2218 4814 2568 4873 demissorum
2598 4812 2870 4872 offendunt
2898 4822 2952 4873 et
2979 4818 3291 4889 perturbant
3314 4810 3578 4872 Ecdesiam
3601 4799 3715 4872 :ttllia

2218 4921 2340 4963 cum
2364 4904 2452 4962 alii
2475 4907 2716 4963 nolentes
2740 4896 2807 4963 de
2837 4906 2941 4962 illis
2968 4906 3095 4962 mali
3124 4902 3320 4979 aliquid
3348 4903 3540 4964 sentire,
3559 4904 3708 4963 cogun-

2219 5007 2306 5055 tur
2331 4990 2608 5055 manilesta
2624 4998 2785 5056 verba
2813 4996 3051 5072 Apostoli
3070 4999 3124 5054 in
3155 5006 3443 5070 perversam
3467 4990 3713 5072 detenti?”

2221 5088 2563 5158 sententiam,
2595 5088 2684 5147 alii
2713 5069 2900 5146 sanum
2927 5086 3250 5147 intelleCtum
3283 5086 3620 5158 Scripturarum
3640 5069 3707 5158 ἀς·

2219 5181 2438 5239 tendere
2484 5154 2707 5251 malunt,
2729 5194 2886 5253 quam
2932 5180 3201 5252 Quoslibet
3236 5154 3463 5237 itemincs
3500 5154 3705 5226 adulare’;

2220 5273 2454 5329 existunt
2492 5274 2630 5330 inter
2672 5266 2863 5329 fratres
2905 5270 3225 5329 inﬁrmiores
3252 5279 3307 5329 et
3347 5265 3570 5325 ﬁrmiores
3598 5262 3702 5352 erit:

2219 5362 2447 5421 rissimze
2484 5374 2539 5421 et
2580 5363 3044 5437 periculosissime
3089 5366 3481 5422 contentiones:
3511 5333 3701 5437 quoii!“
3740 5422 3743 5431 Γ

2221 5457 2357 5512 forte
2381 5457 2426 5513 si
2455 5430 2668 5523 scirent,
2701 5457 2802 5513 hoc
2828 5470 3041 5529 quoque
3067 5452 3183 5514 sine
3211 5450 3509 5513 dubitatione
3529 5430 3696 5501 cordi?

2222 5550 2359 5616 rent,
2389 5565 2613 5621 quorum
2643 5557 2833 5605 caetera
2852 5528 3118 5606 miramur
3143 5550 3198 5607 et
3223 5540 3472 5606 amamus:
3492 5535 3589 5594 illos
3605 5528 3695 5592 crio

2285 5686 2306 5756 ξ
2336 5691 2390 5756 in
2408 5691 2531 5743 3135.,
2554 5683 2784 5756 signatur.

2282 5748 2307 5810 ξ
2335 5752 2464 5810 Mss,
2488 5745 2788 5810 corrigimus.

2288 5807 2317 5842 ι
2340 5809 2419 5860 sit:
2433 5795 2547 5858 iss.
2566 5795 3055 5873 umentem-oet
3070 5810 3331 5867 Ws
3346 5795 3531 5861 att-UL
