3880 6284
126 371 206 437 58!

125 511 210 551 non
247 489 542 560 corripimus
563 528 577 552 ,
609 484 698 542 sed
728 500 977 556 rogamus
1008 493 1061 539 et
1087 484 1429 539 obsecramus
1460 498 1556 552 per
1580 482 1662 538 di-

123 587 349 640 vinitatem
389 591 439 636 et
474 579 849 635 humanitatem
878 577 1100 645 Christi,
1132 586 1185 633 et
1215 593 1312 649 per
1342 577 1657 634 charitatem

120 679 305 747 Spiritus
344 676 524 738 sancti,
556 689 623 727 ne
669 672 804 725 ultra
843 671 952 742 jam
1004 677 1202 740 ponant
1237 669 1340 726 hoc
1365 670 1659 726 offendicu-

119 781 200 826 tmu
223 768 442 831 infirmis,
469 783 562 836 pro
589 763 777 836 quibus
797 763 1042 818 Christus
1073 774 1314 818 mortuus
1345 772 1446 832 est,
1475 775 1528 819 et
1555 764 1656 819 do-

121 865 249 916 lorem
295 862 680 926 cruciatumque
724 855 891 910 nostri
943 855 1119 910 cordis
1159 863 1500 926 exaggerent,
1532 870 1652 910 cum

116 957 357 1023 cogitamus
383 959 580 1022 quanto
611 942 896 1019 proclivius
927 943 1025 1002 hoc
1055 947 1251 1002 malum
1281 948 1345 1002 ad
1378 947 1652 1018 decipien-

115 1049 187 1100 dus
210 1046 428 1098 huunues
454 1041 649 1097 imitari
681 1039 888 1110 possint
914 1039 1059 1106 mali,
1092 1057 1213 1095 cum
1258 1041 1310 1095 in
1336 1041 1415 1095 eis
1449 1041 1550 1096 hoc
1576 1040 1654 1094 vi-

113 1141 208 1191 cit-nt
233 1152 348 1206 quos
375 1149 590 1206 propter
615 1134 714 1188 alia
741 1144 884 1188 tanta
910 1131 1046 1188 bona
1070 1133 1264 1188 debitis
1286 1133 1479 1206 officiis
1506 1134 1651 1188 chri-

112 1235 257 1284 stiaua:
298 1207 594 1283 dilectionis
641 1225 987 1281 honoramus.
1039 1225 1191 1294 Quod
1250 1202 1465 1297 si.post
1514 1225 1651 1280 hanc

109 1320 472 1374 atlutoniliuttmn
506 1319 587 1372 vel
623 1319 796 1388 potius
834 1319 1260 1373 obsecrationem
1309 1327 1544 1372 nostram
1594 1319 1649 1372 in

725 1441 730 1443 .
765 1440 900 1447 ﬁ-“

327 1481 402 1484 _._.-
447 1480 504 1484 _--
563 1479 622 1484 -..
676 1478 1029 1486 ._._—_——.—_

1231 1477 1452 1485 *ος-.-

735 368 822 426 DE
856 359 1295 426 DIVINATIONE
1338 351 1711 437 DEMONUM,
1756 367 1813 424 S.
1855 367 2224 426 AUGUSTINI
2259 369 2464 427 LIBER
2502 370 2703 430 UNUS.

1765 497 1833 538 eo
1858 483 1958 538 sibi
1980 483 2430 554 perseverandum
2452 499 2571 540 esse
2597 481 2917 555 potaverint,
2950 485 3078 542 nihil
3104 488 3250 544 aliud
3268 489 3353 545 fa-

1764 576 1970 631 ciemus
1998 592 2157 647 quam
2184 575 2487 632 dolebimus
2527 588 2582 634 et
2617 593 2911 648 gememus.
2945 579 3058 635 Hoc
3086 583 3352 650 noverint,

1762 668 1994 725 sufficit:
2026 669 2073 724 si
2103 671 2244 726 servi
2281 671 2377 725 Dei
2423 681 2577 738 sunt,
2610 672 2961 738 miserentur;
2989 675 3032 727 si
3060 691 3163 728 non
3192 674 3356 731 mise-

1761 771 1967 828 rentur,
2010 764 2135 816 nolo
2177 762 2466 833 quidquam
2515 764 2730 834 gravius
2768 763 2967 819 dicere.
3007 764 3131 820 HiBC
3179 767 3357 837 itaque

1761 853 1942 907 omnia
1974 853 2026 908 in
2058 853 2253 924 quibus
2281 852 2506 909 fortasse
2543 853 2820 924 loquacior
2848 855 2941 917 fui,
2972 873 3130 926 quam
3161 857 3362 913 vellent

1761 946 2140 1015 occupationes
2166 955 2220 1001 et
2250 954 2354 1001 tuae
2381 954 2434 1000 et
2463 963 2617 1012 mete,
2644 947 2688 1001 si
2716 948 3001 1017 approbas,
3035 948 3116 1003 fac
3147 949 3359 1004 innote-

1758 1051 1910 1091 scere
1936 1036 2188 1091 fratribus
2222 1047 2276 1092 ct
2313 1037 2436 1092 filiis
2467 1039 2686 1106 nostris,
2720 1051 2936 1109 propter
2961 1057 3093 1110 quos
3126 1041 3256 1094 mihi
3294 1056 3354 1096 es

1759 1117 1863 1186 hoc
1891 1147 2027 1186 onus
2061 1131 2310 1202 dignatus
2338 1134 2645 1204 imponere:
2671 1134 2714 1188 si
2746 1143 2921 1190 autem
2950 1131 3150 1205 aliquid
3182 1145 3350 1190 retra-

1758 1225 1996 1281 hendum
2015 1227 2098 1280 vel
2123 1227 2514 1282 emendandum
2537 1227 2766 1293 videtur,
2794 1227 3070 1298 rescriptis
3093 1235 3196 1282 tum
3214 1228 3349 1284 Bea-

1758 1317 1999 1373 titudinis
2023 1321 2289 1374 noverim.

207 1444 220 1446 _
237 1443 272 1446 -ν
293 1442 340 1446 ..—
357 1442 361 1446 ν
387 1441 566 1445 -----ηκ
585 1441 640 1444 -—
654 1441 730 1444 ——»-—-
765 1438 2994 1475 “-A“_.__—-_W-.Ei
3021 1442 3032 1476 i
3149 1443 3198 1450 ..-

2247 1479 2470 1486 —__._._.

164 1538 228 1596 In
251 1536 464 1597 librum
493 1536 572 1598 de
604 1507 1014 1597 Divinatione
1041 1493 1445 1610 Dmmonum,
1473 1533 1612 1595 vide
1638 1534 1749 1596 lib.
1774 1533 1836 1605 2,
1871 1553 2008 1614 cap.
2049 1535 2152 1607 30,
2208 1537 2760 1598 Retractationum
2783 1581 2800 1610 ,
2857 1537 2975 1599 col.
3022 1535 3163 1607 6103,
3202 1555 3350 1599 ver—

109 1616 320 1699 itis,Pcr
350 1617 522 1699 idem
547 1623 797 1699 tempus
853 1615 1280 1699 accidit‘_r_nihi
1331 1633 1410 1676 ex
1471 1614 1754 1692 quadam
1795 1614 2231 1693 disputatione
2265 1618 2609 1680 necessitas
2667 1615 2793 1699 (α),
2819 1637 3008 1699 usque
3035 1618 3118 1680 ad
3142 1617 3350 1694 verba,

107 1695 295 1758 Diebus
326 1698 562 1757 sanctis
595 1696 1010 1758 Octavarum.
1097 1694 1186 1756 M.

152 1800 207 1857 tu)
236 1799 298 1847 Sic
338 1799 507 1848 indicat
531 1801 828 1862 Augustinus
867 1799 1120 1860 pertinere
1141 1797 1272 1848 hunc
1293 1797 1470 1847 librum
1507 1798 1566 1848 ad
1593 1796 1710 1847 illud
1751 1797 1883 1847 idem
1904 1804 2102 1860 tempus
2131 1811 2229 1860 quo
2251 1797 2467 1861 vulgavit
2495 1811 2526 1848 ο
2558 1797 2726 1849 uscula
2761 1808 2930 1850 contra
2959 1801 3229 1860 Donatistas
3249 1813 3279 1851 a
3296 1815 3355 1853 se

152 1861 282 1909 uximc
305 1870 411 1909 ante
445 1861 698 1910 recensita
714 1897 727 1910 .
763 1873 875 1910 ante
899 1860 1132 1910 temporis
1154 1868 1268 1909 sunt
1289 1856 1600 1909 Collationem
1622 1859 2054 1910 Carthaginensem
2076 1855 2324 1910 aliquanto
2349 1812 2689 1910 nrzecedentis.
2707 1861 2839 1910 inter
2859 1875 3039 1910 annum
3060 1861 3354 1910 seilicet406

104 1855 282 1924 proximo
305 1870 411 1924 ante
445 1855 698 1924 recensita
714 1897 727 1921 ,
763 1855 881 1924 quae
899 1860 1132 1922 temporis
1154 1868 1268 1909 sunt
1289 1856 1600 1909 Collationem
1622 1855 2054 1923 Carthaginensein
2076 1855 2324 1923 aliquanto
2336 1855 2474 1922 'prtec

108 1931 146 1970 et
163 1923 230 1969 ill
254 1922 538 1971 collocanda.

2543 1863 2689 1923 cutis,
2707 1861 2839 1912 inter
2859 1875 3039 1911 annum
3060 1853 3354 1915 scilicet406

667 2096 809 2211 s.
886 2097 1648 2262 AURELII
1721 2095 2724 2213 AUGUSTINI

1248 2289 1763 2352 HIPPONENSIS
1805 2289 2158 2353 EPISCOPI

234 2429 489 2602 DE
620 2450 1949 2604 DIVINATIONE
2068 2451 3158 2602 DZEMONUM

1141 2665 1618 2786 LIBER
1709 2671 2207 2784 UNU'S‘“)

101 2973 375 3023 nuluationes
399 2971 678 3024 daemonum
707 2978 758 3022 et
778 2984 889 3082 qum
909 2967 969 3020 ad
1007 2973 1175 3021 eorum
1198 2969 1381 3021 eultum
1404 2969 1674 3032 pertinent,
1707 2977 1806 3038 non
1829 2959 1941 3016 ideo
1965 2971 2104 3016 recte
2135 2956 2259 3027 ﬁeri,
2284 2967 2399 3032 quia
2431 2963 2522 3017 nisi
2561 2975 2663 3019 Deo
2689 2969 2885 3022 sinente
2909 2983 3009 3022 non
3050 2970 3188 3024 ﬁunt.
3223 2971 3356 3022 Unde

640 3036 740 3082 sint
762 3033 792 3082 il
815 3047 858 3082 re
873 3033 1150 3082 daemonum
1171 3033 1514 3082 divinationes.
1537 3041 1688 3080 curve
1710 3028 1956 3078 interdum
1978 3040 2130 3082 verte.
2156 3028 2273 3080 licet
2294 3027 2588 3082 olerumuue
2614 3027 2766 3082 falsae.

640 3036 740 3085 sint
762 3035 775 3084 i

153 3159 345 3218 CAPUT
374 3151 669 3219 PRIMUM.
685 3193 756 3206 -——
774 3163 823 3216 1.
853 3159 1065 3216 Occasio
1079 3157 1329 3214 scribendi
1343 3156 1643 3229 hujuslibri.

105 3247 195 3306 Non
219 3257 372 3309 statim
399 3266 596 3310 rectum
621 3253 758 3326 quod
783 3253 922 3308 Deus
950 3251 1209 3326 permittit.
1235 3249 1302 3304 In
1327 3251 1473 3305 rebus
1498 3250 1649 3304 etiam

105 3345 394 3419 cdretigionis
424 3349 623 3403 cultum
670 3346 1031 3418 pertinentibus
1070 3343 1291 3416 permitti
1331 3361 1362 3397 a
1401 3343 1506 3398 Deo
1535 3358 1649 3415 quae

104 3433 174 3504 ipsi
218 3438 484 3510 displicent.
528 3437 776 3509 Quodam
825 3435 912 3493 die
959 3437 1013 3492 in
1043 3435 1234 3492 diebus
1260 3435 1458 3491 sanctis
1485 3433 1648 3488 Octa-

105 3539 245 3584 rarum
273 3531 361 3603 (b),
393 3548 513 3588 cum
549 3547 709 3587 mane
736 3530 878 3602 apud
908 3546 995 3586 me
1040 3529 1294 3585 adessent
1341 3528 1494 3582 multi
1539 3527 1646 3581 fra-

106 3624 184 3672 tres
207 3620 308 3678 laici
333 3615 649 3690 Christiani,
683 3632 740 3678 et
776 3621 827 3676 in
859 3623 977 3678 loco
1007 3622 1164 3676 solito
1194 3617 1646 3686 consedissemus,

107 3716 216 3767 ortus
234 3725 302 3769 cst
326 3731 503 3771 sermo
528 3716 602 3772 de
623 3715 880 3785 religione
901 3713 1203 3771 Christiana
1230 3713 1487 3770 adversus
1507 3728 1648 3783 prte-

107 3807 404 3874 sumptiouem
430 3819 486 3865 et
516 3815 775 3879 tanquam
804 3807 994 3863 miram
1022 3813 1076 3863 et
1104 3823 1348 3880 magnam
1371 3805 1649 3861 scientiam

108 3890 419 3966 Paganorum;
451 3915 620 3972 quem
652 3899 991 3955 recordatum
1023 3908 1182 3970 atque
1205 3898 1530 3969 completum
1561 3897 1649 3951 lit-

107 3991 204 4043 teris
229 3994 576 4050 mandandum
607 3994 808 4064 putavi,
839 4010 943 4048 non
973 3992 1244 4063 expressis
1275 3991 1650 4048 contradicen-

109 4076 206 4135 tium
243 4089 493 4154 personis,
537 4087 784 4157 quamvis
829 4085 1114 4142 Christiani
1157 4093 1369 4153 essent,
1399 4094 1454 4141 et
1483 4085 1651 4158 magis

109 4176 468 4233 contradicendo
505 4193 756 4250 quaerere
793 4177 1102 4233 viderentur
1138 4171 1264 4248 quid
1315 4175 1541 4249 Paganis
1567 4194 1653 4233 re-

109 4266 308 4332 sponderi
343 4279 638 4341 0porteret.
669 4269 801 4326 Cum
833 4287 961 4341 ergo
994 4269 1062 4326 de
1089 4269 1416 4325 divinatione
1445 4269 1650 4348 daemo-

109 4369 204 4412 num
236 4373 576 4430 qumreretur,
623 4373 676 4418 et
717 4363 1078 4417 affirmaretur
1119 4362 1430 4433 prmdixisse
1472 4364 1652 4418 nescio

113 4459 252 4518 quem,
281 4457 609 4510 eversionem
641 4453 822 4525 templi
850 4449 1087 4525 Serapis,
1106 4471 1223 4525 qua:
1255 4455 1304 4508 iu
1333 4453 1653 4510 Alexandria

111 4536 213 4595 facta
233 4554 331 4613 est;
361 4547 636 4619 I‘CSpOIIdi,
665 4563 770 4602 nou
797 4562 916 4603 esse
948 4547 1247 4602 mirandum
1265 4549 1308 4602 si
1328 4547 1480 4602 istam
1502 4563 1655 4604 ever-

112 4629 272 4690 sionem
309 4639 488 4710 templi
521 4647 576 4695 et
603 4638 870 4694 simulacri
903 4639 982 4693 sui
1012 4637 1324 4694 imminere‘
1359 4639 1649 4706 daemones,

113 4729 151 4776 et
181 4729 297 4785 scire
336 4741 388 4787 et
426 4731 721 4802 praedicere
768 4741 1084 4804 potuerunt,
1136 4733 1274 4788 sicut
1318 4733 1418 4786 alia
1464 4733 1649 4802 multa,

115 4825 322 4884 quantum
348 4821 424 4880 eis
455 4833 618 4880 nosse
644 4833 698 4880 et
728 4825 1084 4895 praenuntiare
1117 4823 1456 4895 permittitur.

165 4910 208 4964 2.
232 4911 291 4970 Et
329 4928 445 4974 cum
482 4917 616 4974 mihi
663 4917 970 4985 referretur,
1002 4918 1117 4974 Non
1162 4934 1292 4988 ergo
1331 4928 1453 4973 sunt
1501 4919 1654 4974 malae

117 4997 419 5064 divinationes
445 5009 752 5080 hujusmodi
770 5051 783 5075 ,
813 5024 913 5065 nec
942 5009 1053 5064 Deo
1081 5009 1389 5080 displicent;
1419 5009 1653 5080 alioquin

117 5096 404 5167 omnipotens
450 5111 502 5157 et
546 5101 725 5173 justus
765 5102 865 5156 ista
911 5095 1026 5178 fieri
1073 5117 1176 5156 non
1219 5102 1568 5171 permitteret,
1609 5102 1653 5156 si

117 5187 225 5242 mala
246 5197 295 5246 et
314 5193 498 5266 iniusta
519 5203 700 5251 essent
724 5213 736 5249 :
761 5191 1034 5266 respondi,
1067 5211 1173 5250 non
1204 5195 1322 5250 ideo
1353 5195 1466 5251 haec
1487 5193 1652 5250 videri

116 5275 224 5344 iusta
244 5283 441 5356 debere,
471 5289 611 5361 quod
651 5305 715 5346 ea
759 5288 874 5346 ﬁeri
913 5289 1170 5361 permittit
1196 5290 1658 5358 omnipotentissi-

815 3047 858 3084 ω
873 3033 1150 3084 daemonum
1171 3027 1514 3091 divinationes,
1537 3041 1688 3080 curve
1710 3027 1956 3078 interdum
1978 3040 2130 3091 verte,
2156 3028 2273 3080 licet
2293 3027 2588 3094 plerumque
2614 3027 2766 3082 falsae.

1756 3172 1876 3210 mus
1907 3166 1957 3210 et
1987 3156 2314 3227 iustissimus
2344 3157 2484 3212 Deus
2519 3173 2682 3213 :nam
2713 3167 2768 3213 et
2792 3159 2897 3214 alia
2926 3158 3093 3216 multa
3124 3162 3354 3220 manife-

1754 3248 1986 3303 stissime
2015 3248 2207 3317 injusta
2242 3248 2528 3317 fieri,sicut
2548 3251 2858 3319 homicidia,
2878 3253 3164 3323 adulteria,
3188 3257 3348 3324 furta,

1757 3337 1991 3408 rapinas,
2045 3347 2101 3394 et
2146 3348 2341 3396 caetera
2383 3340 2724 3412 huiusmodi,
2765 3359 2885 3414 quae
2937 3348 3180 3416 quamvis
3214 3349 3358 3417 justo

1756 3429 1887 3495 Deo,
1920 3443 1984 3484 eo
2029 3429 2170 3500 quod
2218 3431 2413 3502 injusta
2461 3438 2606 3498 Sunt,
2639 3435 2757 3489 sine
2800 3433 3133 3492 dubitatione
3167 3437 3359 3510 displi-

1754 3526 1946 3587 Ceant;
1975 3519 2116 3576 idem
2149 3530 2326 3579 tamen
2353 3523 2694 3594 omnipotens
2731 3541 2793 3581 ea
2830 3525 2945 3582 fieri
2993 3538 3139 3584 certa
3173 3526 3358 3599 judicii

1755 3611 1837 3669 sui
1867 3614 2072 3670 ratione
2095 3615 2388 3685 permittit;
2419 3631 2527 3672 non
2559 3617 2742 3689 utique
2779 3617 3016 3690 impune,
3055 3620 3152 3678 sed
3176 3621 3243 3676 ad
3263 3637 3358 3678 eo-

1754 3713 1875 3760 rum
1917 3705 2335 3775 damnationem,
2383 3721 2414 3762 a
2463 3705 2655 3779 quibus
2705 3709 2841 3764 ﬁunt
2890 3725 3011 3782 quze
3073 3711 3360 3782 displicent

1752 3797 1920 3876 justo.

1828 3894 1881 3950 5.
1916 3893 2124 3949 Etcum
2154 3909 2186 3950 e
2214 3893 2484 3949 contrario
2512 3891 2802 3962 diceretur,
2837 3910 2942 3950 non
2980 3895 3196 3966 quidem
3234 3912 3357 3952 esse

1757 3983 2109 4040 dubitandum
2138 3985 2279 4055 quod
2311 3983 2650 4055 omnipotens
2678 3994 2734 4040 et
2755 3984 2933 4055 justus
2962 3986 3031 4040 sit
3059 3987 3200 4042 Deus
3224 4005 3238 4040 :
3262 3987 3359 4044 sed

1757 4077 1875 4131 haec
1903 4075 2133 4131 humana
2163 4087 2411 4146 peccata,
2441 4091 2560 4146 qua:
2603 4083 2789 4131 contra
2823 4076 3138 4132 societatem
3186 4078 3359 4133 homi—

1757 4185 1886 4226 num
1913 4169 2120 4235 fierent,
2151 4184 2261 4224 non
2289 4185 2410 4224 eum
2441 4184 2632 4224 curare
2675 4168 2801 4224 dum
2830 4168 3039 4238 tierent,
3069 4178 3358 4241 propterea

1759 4280 1824 4322 ea
1851 4279 2007 4335 posse
2030 4262 2178 4328 ﬁeri;
2209 4277 2328 4334 qua:
2353 4263 2535 4334 utique
2564 4262 2676 4318 fieri
2705 4277 2810 4318 non
2836 4271 3076 4334 possent,
3105 4264 3148 4318 si
3176 4263 3353 4320 omni—

1758 4366 1948 4429 potens
1970 4373 2076 4412 non
2100 4357 2314 4413 sivisset
2336 4375 2349 4412 :
2370 4356 2458 4412 illa
2485 4373 2613 4413 vero
2639 4373 2758 4428 quae
2783 4357 2851 4413 ad
2879 4347 3054 4427 ipsum
3085 4358 3358 4429 religionis

1758 4452 1959 4508 cultum
1989 4451 2277 4522 pertinent,
2311 4451 2459 4506 nullo
2494 4450 2656 4506 modo
2686 4450 2752 4506 ab
2781 4466 2847 4507 eo
2874 4450 3202 4507 credendum
3235 4465 3358 4506 esse

1758 4544 2058 4612 contemni;
2086 4561 2148 4600 ac
2178 4561 2272 4615 per
2310 4544 2413 4600 hoe
2459 4544 2570 4600 fieri
2611 4561 2716 4600 non
2743 4545 3000 4615 potuisse,
3038 4545 3138 4600 nisi
3164 4545 3213 4600 ei
3242 4545 3357 4614 pla-

1759 4640 2016 4708 euissent,
2041 4648 2094 4695 et
2120 4637 2242 4694 ideo
2273 4654 2335 4693 ea
2365 4639 2503 4693 mala
2526 4639 2698 4708 putari
2728 4653 2833 4693 non
2858 4647 3106 4707 oportere
3127 4656 3139 4691 :
3160 4638 3226 4693 ad
3255 4637 3360 4694 hoc

1759 4747 1971 4804 quoque
2002 4729 2251 4802 respondi
2277 4748 2289 4783 :
2315 4729 2465 4784 Nunc
2492 4743 2621 4800 ergo
2651 4729 2701 4783 ei
2731 4729 3037 4799 displicent,
3070 4745 3192 4785 cum
3224 4740 3359 4786 tem-

1759 4823 1847 4894 pla
1877 4833 1930 4878 et
1968 4823 2252 4878 simulacra
2281 4830 2613 4886 evertuntur,
2655 4831 2709 4876 et
2752 4821 2841 4876 illa
2868 4821 3117 4878 Gentium
3149 4824 3359 4879 sacrifi-

1759 4913 1864 4982 cia,
1906 4914 1951 4970 si
1992 4914 2128 4969 facta
2178 4911 2396 4974 fuerint,
2438 4912 2750 4983 puniuntur.
2787 4913 2937 4969 Sicut
2975 4915 3122 4971 enim
3164 4916 3363 4972 dicitur

1760 5026 1868 5068 non
1916 5025 1979 5065 ea
2031 5008 2144 5064 fieri
2186 5008 2443 5078 potuisse,
2480 5008 2582 5062 nisi
2627 5008 2734 5064 Deo
2778 5007 3134 5078 placuissent,
3159 5019 3212 5065 et
3241 5010 3365 5066 ideo

1760 5106 1903 5162 bona
1941 5101 2197 5172 putanda,
2227 5105 2481 5172 quoniam
2508 5102 2656 5172 justo
2682 5103 2930 5173 placent;
2958 5103 3031 5159 ita
3061 5105 3164 5160 dici
3185 5114 3360 5176 potest

1762 5211 1870 5252 non
1895 5210 1958 5250 ea
1983 5193 2276 5264 prohiberi,
2297 5196 2488 5263 everti,
2509 5195 2685 5265 puniri
2714 5197 2971 5266 potuisse,
2998 5198 3098 5252 nisi
3121 5197 3231 5252 Deo
3255 5197 3357 5252 dis-

1765 5287 2026 5358 plicerent
2057 5306 2067 5340 :
2101 5302 2163 5342 ac
2193 5303 2288 5357 per
2314 5287 2417 5342 hoc
2443 5287 2489 5343 si
2511 5295 2636 5342 tunc
2663 5287 2786 5344 ideo
2813 5298 2959 5344 recte
2988 5288 3206 5364 fiebant,
3237 5289 3358 5358 quia

1246 5397 1532 5438 ADSIONITIO
1568 5393 1651 5438 PP.
1691 5397 1950 5437 BENEDICT
1959 5396 2174 5436 INORUII.

149 5469 282 5542 ,Liher
301 5474 360 5524 de
376 5477 668 5542 Divinatione
685 5487 964 5542 Daemonum
979 5475 1268 5542 recognitus
1291 5482 1367 5542 est
1391 5477 1449 5525 ad
1477 5473 1786 5542 exemplaria
1798 5475 2031 5542 Vaticana
2041 5471 2151 5534 tria,
2191 5480 2243 5524 et
2264 5473 2581 5542 ad‘callicana
2605 5481 2822 5542 septem,
2844 5473 2942 5542 duo
2956 5470 3164 5542 “scilicet
3202 5471 3359 5542 Domi:

375 5541 705 5603 Parisiensium
728 5543 805 5590 via
823 5533 1045 5603 tacobca,
1069 5531 1303 5603 Nivarrici
1326 5539 1556 5603 gyumasii
1582 5531 1751 5603 unum,
1775 5539 1893 5587 item
1920 5531 2501 5601 ttegium,ttemigianum,
2519 5531 2872 5594 Michaelinuin,
2893 5540 2940 5583 et
2956 5531 3284 5594 Floriaceuse;
3302 5533 3362 5582 ad

123 5583 750 5654 ιεεαίοιιέζνεὶπῖειῖιὲε“ιὶιῖιίἱιι’
762 5583 1899 5667 Eeigiaar'aa'atia'Lamiasaansaan;
1926 5583 2014 5648 ei?
2025 5583 2080 5649 et
2093 5583 2206 5648 t2...

185 5678 658 5766 Comparaoimm
688 5698 992 5772 praeterea
1020 5709 1118 5750 eas
1150 5707 1355 5751 omnes
1381 5687 1681 5749 editiones
1707 5685 1896 5746 initio
1926 5687 2100 5747 Retr.
2132 5693 2187 5744 et
2211 5682 2497 5746 Confess.
2536 5690 2583 5742 ε.
2619 5684 2678 5756 1,
2716 5688 3103 5752 memoratae,
3189 5681 3280 5746 Μ.

175 5777 236 5849 (,9)
255 5788 449 5849 εσῐριιιε
466 5792 591 5845 inter
612 5806 792 5843 annum
815 5791 908 5842 too
934 5797 984 5842 et
1008 5792 1116 5842 tu.

176 5840 436 5918 (.blhpcgivas
454 5840 1074 5918 baptizatorumsolemnes
1097 5856 1145 5918 in
1181 5855 1415 5918 tjascliate
1428 5851 1534 5918 aliis
1551 5857 1784 5918 memorat
1807 5849 1942 5918 locis.
1967 5851 2081 5901 Vide
2105 5858 2268 5901 notam
2290 5849 2349 5898 ad
2372 5858 2654 5900 sermonem
2675 5846 2783 5909 260,
2804 5853 2926 5899 tom.
2944 5847 3000 5899 5.

182 5906 200 5933 ‘
225 5907 292 5958 Sic
307 5916 408 5962 Its.
433 5923 486 5966 Al
505 5906 642 5982 éditi,
659 5917 952 5970 eversionem
976 5915 1142 5977 templi
1163 5913 1440 5970 simulacris
1457 5915 1558 5968 suis
1586 5912 1861 5986 iam?!
