3880 6284
542 318 650 377 585

536 437 684 509 justo
710 433 819 490 Deo
848 432 1061 504 placere
1087 429 1213 486 hinc
1252 427 1693 494 ostendebantur,
1736 425 1876 496 quod
1925 424 1992 478 ab
2043 421 2133 475 illo

542 527 655 582 ﬁeri
694 524 1037 587 sinebantur;
1070 521 1192 577 ideo
1232 536 1373 576 nunc
1420 520 1601 590 inique
1655 519 1803 583 ﬁunt,
1858 515 1981 586 quia
2024 514 2132 568 Deo

540 619 827 689 displicere
873 616 1000 674 hinc
1036 615 1409 681 ostenduntur,
1459 612 1601 684 quod
1640 627 1703 667 ea
1748 610 1831 666 vel
1869 609 2021 679 jubet
2045 607 2132 662 vel

541 710 801 783 permittit
829 709 1018 765 everti.

616 801 843 859 CAPUT
880 800 945 856 Il.
972 800 1108 855 -4.
1142 798 1412 866 Sacriﬁcia
1439 796 1771 868 Paganorum
1788 809 1889 847 non
1905 792 2019 846 ideo
2034 807 2132 861 pu-

545 895 701 950 tanda
730 894 882 959 bona,
914 894 1034 963 quia
1058 909 1118 947 ea
1145 892 1256 961 ﬁeri
1284 889 1423 944 Deus
1449 886 1839 959 nontmpedivit.
1874 884 2133 939 Permissa

543 1005 650 1042 esse
670 988 732 1042 ab
754 987 1106 1056 omnipotente,
1134 999 1250 1055 qua:
1267 985 1330 1038 ab
1354 983 1527 1037 eodem
1543 983 1688 1052 justo
1706 979 2129 1051 improbarentur.

546 1078 887 1149 Pontiﬁeales
907 1076 1023 1131 libri
1041 1091 1304 1130 sacrorum
1335 1077 1691 1145 profanorum.
1727 1070 1865 1139 Quid
1894 1072 2135 1124 hactenus

544 1179 877 1241 compertum,
910 1167 1033 1238 quid
1060 1166 1386 1221 tractandum
1418 1164 1672 1236 deinceps.
1700 1163 1898 1220 Contra
1927 1163 2029 1217 hoc
2055 1160 2136 1216 di-

544 1269 689 1315 ctum
719 1267 820 1322 est,
853 1257 1044 1328 injusta
1071 1257 1286 1328 quidem
1327 1272 1446 1313 esse
1489 1272 1635 1312 nunc
1668 1256 1789 1319 ista,
1818 1269 1927 1309 non
1954 1263 2133 1308 tamen

546 1353 715 1417 mala;
738 1360 793 1406 et
812 1349 937 1405 ideo
959 1349 1179 1420 injusta,
1204 1350 1326 1419 quia
1355 1355 1540 1405 contra
1568 1350 1714 1420 leges
1738 1348 1931 1419 quibus
1954 1345 2136 1418 prohi-

543 1447 740 1504 bentur
766 1445 932 1513 ﬁunt;
962 1443 1083 1501 ideo
1108 1454 1286 1499 autem
1323 1459 1431 1499 non
1480 1443 1639 1510 mala,
1671 1442 1794 1513 quia
1819 1442 1864 1496 si
1884 1440 2022 1496 mala
2051 1454 2136 1495 es-

544 1547 684 1607 sent,
712 1552 982 1609 nunquam
1015 1537 1125 1592 Deo
1153 1536 1337 1606 utique
1363 1535 1719 1605 placuissent:
1739 1547 1902 1603 porro
1923 1532 1968 1587 si
1997 1547 2135 1586 nun-

544 1645 703 1703 quam
733 1630 1082 1702 placuissent,
1110 1643 1381 1699 nunquam
1406 1636 1461 1683 et
1500 1627 1640 1682 facta
1680 1634 1884 1693 essent,
1909 1624 2003 1680 illo
2028 1639 2134 1680 non

545 1724 757 1780 sinente
784 1723 875 1794 qui
900 1720 1077 1777 omnia
1102 1729 1298 1793 potest,
1328 1728 1384 1776 et
1402 1720 1493 1790 qui
1524 1719 1647 1774 talia
1680 1734 1785 1773 non
1815 1724 2133 1773 contemne-

543 1826 662 1883 ret;
689 1814 903 1887 quando
925 1823 1032 1869 tam
1058 1827 1249 1883 magna
1275 1820 1421 1877 sunt,
1439 1819 1699 1867 utcontra
1723 1810 1892 1880 ipsam
1919 1807 2135 1879 religio-

543 1923 667 1964 nem
714 1922 816 1978 qua
866 1907 1007 1962 Deus
1045 1905 1240 1962 colitur
1287 1904 1497 1971 ﬁerent,
1530 1904 1573 1960 si
1616 1903 1755 1957 male
1799 1902 2009 1957 ﬁerent.
2039 1900 2136 1956 Hic

544 2013 645 2070 ego
666 2018 680 2055 :
703 1998 760 2054 Si
789 2005 1094 2068 propterea,
1126 1996 1364 2067 inquam,
1393 1995 1530 2050 mala
1555 2009 1664 2049 non
1695 2001 1839 2059 sunt,
1867 1994 1990 2063 quia
2021 1993 2136 2048 Deo

546 2093 761 2165 placere
810 2093 934 2147 hinc
972 2091 1287 2163 probantur,
1316 2089 1457 2159 quod
1486 2103 1550 2145 ea
1582 2088 1699 2144 ﬁeri
1726 2087 1855 2143 sinit
1887 2086 2133 2156 omnipoo

546 2197 700 2254 tens;
726 2185 997 2258 quomodo
1022 2184 1126 2241 erit
1169 2184 1366 2238 bonum
1402 2183 1543 2254 quod
1571 2182 1685 2238 ﬁeri
1714 2180 2064 2253 prohibentur
2082 2188 2137 2235 et

545 2277 897 2335 evertuntur?
920 2277 977 2332 Si
1005 2284 1184 2332 autem
1226 2275 1425 2331 bonum
1458 2289 1563 2330 non
1603 2282 1686 2329 est
1709 2272 1853 2344 quod
1881 2280 2134 2327 evertun-

545 2378 635 2425 tur
657 2385 777 2440 quaa
815 2368 926 2424 Deo
957 2368 1189 2438 placent,
1224 2368 1324 2421 hoc
1355 2366 1468 2420 ﬁeri
1501 2382 1607 2419 non
1647 2366 1848 2420 sineret
1888 2363 2134 2434 omnipo-

546 2460 845 2531 tens;quia
884 2469 939 2516 et
986 2460 1086 2515 hoc
1120 2466 1302 2514 contra
1348 2457 1660 2528 religionem
1706 2455 1766 2510 ﬁt
1807 2469 1909 2526 qua
1944 2454 2137 2510 colitur

545 2553 711 2619 Deus,
736 2553 781 2608 si
805 2568 867 2610 ea
884 2567 1003 2623 quae
1024 2552 1135 2609 Deo
1159 2552 1368 2623 placent
1385 2552 1454 2606 ab
1474 2549 1780 2605 hominibus
1800 2558 2131 2605 evertuntur.

546 2644 604 2701 Si
637 2653 813 2701 autem
840 2643 944 2700 hoc
970 2653 1027 2699 ut
1060 2644 1200 2699 male
1228 2643 1319 2698 ﬁat
1350 2642 1609 2713 permittit
1636 2642 1997 2712 omnipotens,
2028 2656 2133 2696 non

544 2735 668 2792 ideo
702 2735 934 2808 putanda
979 2743 1105 2791 sunt
1149 2735 1239 2791 illa
1277 2735 1417 2791 bona
1454 2734 1597 2807 quod
1641 2750 1703 2790 ea
1751 2734 1867 2790 ﬁeri
1895 2734 2136 2805 permisit

543 2828 904 2900 omnipotens.

616 2922 670 2976 5.
700 2920 908 2977 Dictum
927 2927 1114 2975 contra
1143 2926 1245 2987 est,
1268 2918 1673 2975 concedendum
1702 2934 1825 2975 esse
1865 2934 2007 2976 nunc
2034 2920 2133 2976 ista

545 3020 698 3068 recte
725 3026 832 3067 non
862 3011 1000 3077 ﬁeri,
1029 3011 1138 3065 imo
1167 3010 1287 3065 ideo
1316 3004 1535 3080 prOrsus
1558 3010 1668 3080 jam
1698 3024 1803 3065 non
1834 3010 1970 3076 ﬁeri,
1993 3011 2136 3082 quod

546 3103 899 3174 omnipotenti
945 3117 1088 3157 nunc
1126 3100 1440 3171 displicent;
1474 3112 1845 3157 verumtamen
1877 3101 2137 3171 placuisse

544 3210 667 3251 cum
699 3194 925 3251 ﬁerent:
952 3207 1052 3249 nos
1080 3192 1229 3249 enim
1260 3194 1468 3249 nescire
1497 3193 1638 3249 unde
1664 3201 1789 3249 tunc
1817 3195 2131 3265 placuerint,

547 3302 692 3342 nunc
711 3297 890 3342 autem
919 3286 1061 3342 unde
1081 3285 1430 3357 displiceant;
1464 3285 1591 3340 dmn
1622 3294 1799 3342 tamen
1817 3295 2024 3342 certum
2042 3287 2132 3356 sit,

548 3395 650 3436 nec
678 3391 802 3435 tunc
832 3378 946 3434 ﬁeri
994 3379 1231 3449 potuisse
1272 3380 1373 3435 nisi
1403 3379 1730 3450 placuissent
1759 3381 2133 3452 omnipotenti,

549 3488 652 3530 nec
677 3488 819 3528 nunc
843 3486 1084 3528 cessasse
1106 3473 1205 3526 nisi
1237 3470 1634 3542 displicuissent
1659 3474 2031 3543 omnipotenti.
2055 3473 2136 3530 Ad

548 3565 652 3622 hoc
677 3580 811 3637 ego:
837 3564 944 3619 Cur
982 3578 1132 3634 ergo,
1162 3563 1400 3633 inquam,
1443 3572 1497 3618 et
1540 3579 1682 3619 nunc
1732 3564 1855 3619 talia
1892 3564 2137 3621 clanculo

548 3655 703 3722 ﬁunt,
742 3671 864 3726 qua:
890 3654 977 3710 vel
1021 3662 1279 3725 perpetuo
1317 3654 1660 3721 delitescunt,
1692 3657 1775 3711 vel
1804 3655 2138 3727 deprehensa

550 3748 862 3819 puniuntur,
890 3746 935 3800 si
962 3745 1093 3800 nihil
1125 3746 1316 3800 horum
1346 3746 1458 3801 ﬁeri
1489 3747 1615 3801 sinit
1643 3747 2005 3818 omnipotens,
2035 3749 2137 3805 nisi

550 3840 694 3913 quod
725 3841 772 3896 ei
804 3840 952 3911 justo
980 3839 1177 3909 placet,
1209 3854 1332 3895 cum
1369 3839 1515 3910 justo
1561 3840 1703 3912 quod
1752 3841 2007 3913 injustam
2056 3850 2140 3898 est

552 3934 762 4005 placere
788 3947 892 3987 non
922 3932 1122 4003 possit?
1150 3930 1350 3987 Contra
1381 3931 1479 3987 ltoc
1508 3934 1706 3987 dictum
1730 3942 1831 3999 est,
1865 3948 2006 3989 nunc
2022 3950 2139 3990 om-

549 4025 679 4080 nino
719 4023 840 4079 talia
891 4039 1000 4078 non
1043 4022 1161 4079 ﬁeri
1207 4040 1220 4076 :
1262 4023 1423 4079 Sacra
1465 4024 1607 4079 enim
1659 4024 1770 4091 illa,
1812 4024 2002 4096 inquit,
2032 4041 2136 4081 non

550 4115 712 4183 ﬁunt,
742 4131 861 4186 qua:
907 4112 1300 4185 pontiﬁcalibus
1342 4114 1644 4184 conscripta
1693 4125 1817 4170 sunt
1861 4115 2139 4173 libris:ea

550 4209 747 4280 quippe
786 4216 912 4263 tunc
949 4217 1097 4262 recte
1137 4206 1357 4274 ﬁebant,
1404 4222 1466 4261 ea
1510 4216 1634 4262 tunc
1662 4208 1771 4263 Deo
1797 4208 2010 4280 placere
2036 4208 2137 4265 de-

551 4294 1006 4366 monstrabantur,
1036 4314 1104 4355 eo
1132 4301 1248 4369 ipso
1288 4299 1431 4369 quod
1476 4300 1543 4354 ab
1571 4301 1936 4371 omnipotente
1965 4316 2027 4356 ac
2048 4302 2139 4371 ju-

552 4403 637 4452 sto
664 4395 775 4450 lieri
806 4393 1121 4448 sinebantur
1156 4409 1171 4444 :
1208 4391 1254 4446 si
1292 4392 1418 4462 quid
1466 4400 1642 4448 autem
1674 4408 1815 4447 nunc
1847 4394 2142 4463 prohibito-

552 4502 671 4542 rum
722 4482 1107 4540 sacriﬁciorum
1155 4482 1214 4536 ﬁt
1250 4483 1459 4538 occulte
1496 4493 1655 4554 atque
1698 4484 1898 4549 illicite,
1931 4502 2035 4541 non
2059 4495 2142 4542 est

554 4579 632 4634 illi
685 4576 976 4649 pontiﬁcali
1032 4573 1415 4631 sacriﬁciorum
1467 4575 1649 4646 generi
1702 4577 2137 4646 comparandum,

555 4670 651 4727 sed
675 4671 729 4726 in
756 4685 821 4726 eo
845 4665 1240 4740 deputandum,
1270 4666 1411 4738 quod
1441 4668 1601 4723 etiam
1635 4677 1898 4724 nocturno
1925 4670 1982 4724 lit
2010 4680 2143 4726 tem-

556 4777 721 4833 pore;
743 4776 865 4817 cum
896 4762 1012 4817 haec
1036 4760 1215 4816 omnia
1253 4759 1438 4815 illicita
1482 4759 1612 4830 ipsis
1654 4759 2046 4831 pontiﬁcalibus
2075 4763 2138 4817 li-

556 4854 669 4911 bris
686 4864 889 4908 certum
903 4854 975 4908 sit
994 4853 1267 4924 prohiberi
1286 4861 1446 4924 atque
1462 4853 1725 4908 damnari.
1745 4853 1844 4909 llic
1858 4855 2109 4925 respondi
2127 4875 2139 4911 :

555 4944 666 5002 Cur
692 4958 820 5014 ergo
844 4944 929 4999 vel
960 4944 1083 4998 talia
1112 4943 1373 5014 permittit
1390 4943 1532 5000 Deus
1551 4942 1691 5013 ﬁeri,
1718 4944 1764 4999 si
1790 4944 1922 5000 nihil
1951 4945 2141 5001 horum

558 5037 958 5094 malefactorum
1023 5036 1319 5091 contemnit
1389 5052 1507 5106 quae
1580 5046 1767 5093 contra
1831 5038 2140 5110 religionem

560 5132 722 5198 ﬁunt;
764 5145 883 5185 cum
926 5131 1223 5199 praesertim
1259 5129 1375 5184 haec
1421 5145 1542 5185 eum
1586 5146 1775 5187 curare
1819 5130 1944 5188 hinc
1982 5114 2142 5189 etiam

556 5233 815 5298 cogantur
831 5221 1127 5279 concedere
1148 5223 1236 5294 qui
1259 5223 1591 5294 pontiﬁcales
1615 5225 1782 5282 libros
1804 5227 1979 5298 magni
2008 5226 2147 5284 msti~

556 5325 724 5383 mant,
754 5314 895 5388 quod
916 5330 978 5370 ea
1001 5330 1121 5386 qua:
1138 5314 1224 5370 bis
1248 5314 1399 5369 libris
1419 5315 1789 5385 prohibentur,
1814 5320 1994 5390 utique
2015 5333 2142 5388 pro-

555 5409 726 5468 hiberi
772 5409 1027 5466 divinitus
1072 5406 1357 5463 asserunt?
1398 5407 1680 5477 Quomodo
1720 5424 1850 5482 ergo
1892 5411 2144 5467 divinitus

555 5502 924 5575 prohibentur,
950 5500 1051 5557 nisi
1071 5500 1193 5571 quia
1214 5499 1497 5572 displicent
1521 5503 1651 5567 Deo,
1674 5519 1793 5574 quae
1815 5503 1997 5575 utique
2018 5520 2143 5575 pro-

557 5595 790 5653 bibendo
816 5610 923 5651 non
948 5594 1121 5649 solum
1157 5594 1260 5650 sibi
1305 5594 1613 5665 displicere,
1642 5611 1827 5651 verum
1858 5597 2017 5652 etiam
2044 5614 2143 5655 cu-

557 5702 678 5744 rare
714 5703 773 5742 se
816 5687 1072 5755 ostendit,
1104 5702 1278 5757 neque
1315 5687 1537 5742 omnino
1577 5691 1962 5746 contemnere?
1992 5691 2143 5748 Unde

558 5779 825 5852 colligitur
865 5779 1007 5852 quod
1047 5779 1188 5835 Deus
1232 5778 1432 5851 aliquid
1482 5790 1535 5836 ct
1579 5781 1844 5855 improbet
1866 5783 2061 5854 justus,
2087 5795 2145 5845 et

1429 308 1519 365 DE
1567 304 2002 365 DIVINATIONE
2042 297 2424 369 DIEMONUM,
2466 302 2523 358 S.
2565 299 2933 360 AUGUSTINI
3669 310 3748 374 ω

2241 426 2416 473 tamen
2446 419 2719 489 permittat
2747 420 3107 490 omnipotens.

2311 510 2363 565 6.
2397 509 2523 565 llaec
2548 526 2669 566 cum
2700 512 2838 567 dicta
2881 521 3083 579 essent,
3113 526 3431 569 concessum
3458 524 3538 571 est
3560 532 3650 574 non
3673 520 3760 579 ideo

2239 602 2529 673 putandum
2568 604 2767 675 aliquid
2798 605 2943 675 juste
2968 617 3031 661 ac
3054 605 3190 661 bene
3215 605 3353 674 ﬁeri,
3376 608 3495 679 quia
3517 608 3610 666 hoc
3630 618 3761 671 omni-

2238 704 2451 765 potens,
2477 698 2723 768 quamvis
2748 699 2797 752 ei
2829 698 3132 769 displiceat,
3160 698 3277 755 ﬁeri
3308 711 3484 757 tamen
3510 704 3623 759 sinit
3644 707 3677 771 ¹;
3699 706 3756 762 ia-

2239 789 2566 861 tendumque
2595 806 2717 847 esse
2745 791 2905 847 etiam
2937 792 3026 847 illa
3062 793 3202 847 mala
3242 809 3363 865 qua:
3392 805 3565 851 contra
3587 800 3756 871 religio-

2238 896 2362 938 nem
2391 897 2496 952 qua
2521 883 2715 938 colitur
2742 884 2882 939 Deus
2902 884 3056 952 ﬁunt,
3076 894 3133 942 et
3151 886 3433 957 displicere
3455 889 3704 959 Deojusto,
3725 906 3761 951 et

2239 972 2451 1028 ratione
2485 972 2669 1043 judicii
2718 975 2837 1045 ejus
2878 977 2946 1031 ab
2985 978 3351 1048 omnipotente
3395 983 3613 1051 permitti
3649 988 3759 1040 :‘sed
3846 978 3847 1051 ξ

2237 1063 2380 1119 aliud
2410 1065 2519 1134 jam
2568 1080 2688 1121 esse
2729 1068 3085 1136 tractandum,
3134 1070 3275 1125 unde
3321 1072 3431 1126 sint
3472 1072 3764 1133 divinationes

2237 1155 2322 1210 vel
2351 1154 2678 1221 daemonum,
2705 1159 2789 1213 vel
2816 1159 3041 1229 quilibet
3067 1160 3142 1215 illi
3172 1163 3281 1217 sint
3303 1179 3441 1233 quos
3468 1163 3589 1220 deos
3616 1167 3762 1236 Pagani

2238 1256 2468 1302 vocant:
2491 1248 2779 1304 videndum
2819 1250 2962 1306 enim
3005 1268 3126 1308 esse
3171 1268 3241 1308 ne
3283 1253 3438 1321 forte,
3475 1272 3574 1311 non
3601 1260 3764 1329 quidem

2237 1347 2520 1409 propterea
2568 1341 2683 1398 haec
2724 1342 2861 1397 bona
2897 1345 3131 1413 putanda
3158 1346 3286 1413 sint,
3316 1348 3441 1417 quia
3469 1365 3528 1404 ea
3557 1350 3652 1405 ﬁeri
3676 1370 3766 1422 per-

2240 1431 2403 1486 mittit
2425 1433 2797 1504 omnipoteus;
2830 1436 2923 1491 sed
2950 1436 3068 1492 ideo
3096 1439 3220 1508 quia
3253 1447 3361 1494 tam
3389 1456 3571 1511 magna
3595 1455 3768 1508 sunt.nt

2240 1536 2347 1578 non
2395 1524 2494 1578 nisi
2534 1524 2627 1580 Dei
2670 1526 2923 1595 potentiae
2959 1528 3241 1585 tribuenda
3268 1546 3393 1587 esse
3416 1532 3687 1590 videantur.
3710 1538 3766 1592 Ad

2238 1612 2343 1669 hoc
2370 1631 2456 1671 me
2484 1625 2669 1686 postea
2710 1632 3097 1687 reSponsurum
3137 1636 3257 1678 esse
3299 1624 3541 1695 promisi,
3571 1627 3768 1696 quoniam

2240 1714 2367 1762 tunc
2386 1708 2519 1763 hora
2545 1709 2843 1779 prodeundi
2873 1711 2939 1767 ad
2968 1713 3224 1783 populum
3267 1714 3380 1785 jam
3427 1731 3523 1772 nos
3559 1720 3765 1790 urgebat:

2240 1814 2341 1855 nec
2368 1800 2572 1869 distuli,
2603 1817 2725 1858 cum
2772 1805 3002 1874 spatium
3052 1805 3232 1862 datum
3282 1816 3372 1864 est
3415 1810 3769 1879 scribendi’,et

2240 1893 2326 1947 illa
2355 1904 2620 1961 retexere,
2654 1906 2708 1950 et
2735 1896 2832 1951 ista
2863 1897 3167 1954 subtexere.

2310 1985 2537 2044 CAPUT
2578 1987 2664 2043 Ill.
2685 2019 2759 2030 —
2778 1990 2830 2043 7.
2856 1989 3156 2047 Dtemonum
3179 1993 3429 2050 divinatio
3445 1996 3593 2051 tribus
3613 2014 3769 2052 excau-

2238 2081 2329 2135 sis.
2361 2080 2651 2135 Acrimonia
2678 2098 2876 2149 sensus,
2903 2085 3158 2141 celeritate
3192 2096 3380 2156 matus,
3412 2100 3461 2143 et
3484 2090 3692 2146 diuturna
3711 2112 3768 2147 re-

2238 2186 2352 2223 rum
2371 2174 2678 2243 experientia
2708 2174 3027 2247 prwpollent.
3058 2175 3181 2232 Non
3195 2176 3315 2233 ideo
3344 2182 3588 2235 (immanes
3611 2199 3765 2254 prapo~

2238 2263 2429 2319 nendos
2456 2280 2561 2319 esse
2592 2266 2896 2323 hominibus.
2927 2269 3239 2325 Daemonum
3291 2285 3359 2327 ea
3408 2283 3491 2329 est
3529 2284 3705 2342 natura,
3727 2288 3767 2331 ut

2238 2358 2369 2413 aerii
2408 2360 2649 2428 corporis
2696 2374 2855 2416 sensu
2899 2371 3232 2420 terrenorum
3275 2380 3561 2436 corporum
3604 2383 3765 2424 sensum

2238 2447 2393 2505 facile
2431 2450 2768 2520 praecedant;
2801 2452 3076 2510 celeritate
3120 2455 3285 2511 etiam
3330 2466 3546 2528 propter
3579 2459 3763 2531 ejusdem

2238 2541 2372 2597 aerii
2422 2544 2662 2614 corporis
2713 2546 3045 2616 superiorem
3096 2548 3455 2607 mobilitatem
3502 2568 3600 2606 non
3637 2553 3765 2609 solum

2238 2649 2427 2692 cursus
2478 2638 2839 2708 quorumlibet
2881 2638 3169 2705 hominum
3198 2645 3285 2700 vel
3332 2644 3594 2714 ferarum,
3632 2662 3764 2704 verum

2238 2726 2399 2783 etiam
2420 2728 2626 2785 volatus
2643 2731 2822 2786 avium
2850 2732 3350 2804 incomparabiliter
3368 2739 3594 2795 vincant.
3613 2740 3764 2808 Quibus

2238 2818 2442 2875 duabus
2466 2821 2630 2878 rebus
2648 2832 2907 2894 quantum
2936 2825 3004 2881 ad
3033 2829 3238 2885 aerium
3264 2846 3474 2903 corpus
3498 2833 3663 2891 attinet
3676 2850 3767 2905 pra-

2237 2908 2356 2977 diti,
2384 2911 2487 2968 hoc
2516 2923 2629 2979 est,
2660 2916 2954 2973 acrimonia
2996 2933 3189 2976 sensus
3217 2929 3273 2977 et
3315 2923 3584 2982 celeritate
3622 2935 3764 2990 motus,

2237 3003 2585 3061 multa'ante
2622 3008 2836 3078 cognita
2878 3013 3239 3081 praenuntiant
3275 3015 3366 3070 vel
3409 3017 3764 3088 nuntiant,qua

2238 3095 2484 3153 homines
2512 3114 2610 3169 pro
2639 3116 2830 3183 sensus
2878 3106 3077 3161 terreni
3116 3107 3372 3165 tarditate
3416 3112 3670 3167 mirentur.
3690 3114 3763 3165 Ac-

2238 3188 2400 3243 cessit
2419 3190 2579 3245 etiam
2611 3190 2948 3250 daemonibus
2973 3210 3070 3266 per
3101 3205 3207 3253 tam
3236 3199 3462 3272 longum
3487 3211 3670 3273 tempus
3690 3215 3762 3272 quo

2238 3292 2427 3333 eorum
2476 3280 2583 3336 vita
2631 3285 2985 3354 protenditur,
3017 3302 3198 3344 rerum
3246 3292 3410 3364 longe
3456 3294 3615 3363 major
3647 3307 3764 3361 expe-

2238 3370 2452 3437 rientia,
2483 3389 2640 3443 quam
2687 3385 2866 3445 potest
2915 3377 3222 3435 hominibus
3268 3393 3492 3455 propter
3517 3385 3764 3439 brevitatem

2239 3465 2362 3520 vita:
2394 3469 2697 3537 provenire.
2714 3468 2818 3525 Per
2838 3469 2935 3525 has
2955 3472 3255 3529 et'ﬁcacias‘
3270 3492 3409 3546 quas
3436 3479 3558 3533 aerii
3583 3476 3763 3546 corporis

2239 3566 2428 3613 natura
2458 3560 2645 3615 sortita
2670 3570 2771 3629 est,
2801 3577 2910 3618 non
2936 3564 3110 3620 solum
3138 3567 3310 3622 multa
3337 3568 3508 3625 futura
3533 3568 3762 3641 praedicunt

2239 3649 2532 3719 dat-mones,
2559 3667 2745 3708 verum
2763 3654 2922 3709 etiam
2948 3655 3114 3711 multa
3134 3657 3269 3713 mira
3301 3658 3519 3717 faciunt.
3539 3660 3649 3727 Qua
3665 3671 3760 3729 quo-

3840 2882 3848 2941 1‘

3842 2970 3847 3027 ς

3838 3066 3848 3121 l

3838 3162 3848 3225 l

3838 3262 3848 3325 1

3842 3328 3847 3401 1

2190 3776 2197 3785 ε
2240 3744 2384 3800 niam
2416 3745 2660 3804 homines
2682 3745 2862 3803 dicere
2890 3764 2952 3804 ac
2991 3748 3168 3807 facere
3200 3769 3310 3809 non
3353 3766 3587 3827 possunt,
3609 3770 3682 3811 eos
3703 3753 3760 3807 di-

2240 3851 2376 3908 gnos
2403 3839 2617 3909 quidam
2653 3840 2847 3911 quibus
2895 3843 3132 3898 serviant
3178 3855 3231 3901 et
3273 3849 3470 3918 quibus
3497 3848 3676 3903 divinos
3694 3847 3759 3900 bo-

2242 3943 2402 3985 nores
2428 3929 2688 3997 deferant,
2721 3932 3068 4000 arbitrantur,
3107 3936 3398 4007 instigante
3435 3941 3642 3995 maxime
3672 3937 3760 3991 vitio

2243 4023 2581 4090 curiositatis,
2622 4034 2840 4095 propter
2886 4042 3126 4084 amorem
3174 4017 3444 4088 felicitatis
3482 4032 3612 4088 falsze
3646 4040 3760 4101 atque

2247 4123 2474 4172 terrenae
2504 4127 2558 4171 et
2584 4118 2912 4174 excellentia;
2942 4121 3311 4190 temporalis".
3343 4123 3446 4193 Qui
3471 4133 3627 4180 autem
3652 4120 3758 4177 scab

2244 4207 2329 4263 ltis
2369 4208 2748 4279 cupiditatibus
2792 4212 3069 4277 mundant,
3099 4229 3199 4269 nec
3244 4216 3325 4271 eis
3367 4232 3426 4272 se
3467 4216 3757 4271 fallendosca-

2244 4300 2573 4373 piendosque
2592 4302 2613 4333 ⁸
2658 4303 2991 4373 permittunt,
3017 4305 3111 4360 sed
3144 4306 3421 4379 inquirunt
3446 4318 3498 4365 et
3518 4294 3755 4364 ama'ntali-

2245 4395 2370 4464 quid
2404 4396 2547 4466 quod
2583 4396 2772 4453 eodem
2803 4398 2963 4457 modo
2987 4416 3203 4473 semper
3231 4413 3336 4473 est,
3363 4406 3510 4477 cujus
3534 4403 3755 4476 participa-

2247 4486 2390 4542 tione
2433 4486 2574 4543 beati
2616 4490 2755 4556 sint;
2791 4491 3021 4560 primum
3066 4496 3409 4567 considerant
3444 4513 3540 4552 non
3568 4490 3755 4551 ideosibi

2245 4578 2635 4647 praeponendos
2661 4595 2783 4637 esse
2802 4581 3094 4653 daemones,
3128 4587 3271 4657 quod
3296 4590 3498 4645 acriore
3520 4602 3657 4643 sensu
3668 4598 3754 4640 cor-

2247 4669 2394 4739 poris
2421 4671 2733 4739 prtevalent,
2765 4674 2896 4729 aerii
2926 4675 3149 4742 scilicet,
3178 4678 3282 4734 hoc
3309 4688 3392 4736 est
3416 4678 3669 4735 subtilioris
3687 4675 3754 4729 elc-

2246 4762 2414 4818 menti
2439 4764 2593 4834 :quia
2620 4780 2722 4822 nec
2746 4766 2801 4820 in
2830 4767 2960 4845 ipsis
3009 4770 3239 4827 terrenis
3280 4770 3577 4842 corporibus
3606 4767 3753 4825 bestias

2247 4856 2347 4913 sibi
2391 4860 2782 4930 praeponendas
2807 4871 3016 4931 putant,
3043 4879 3164 4934 quae
3195 4866 3371 4922 acrius
3394 4865 3547 4921 multa
3574 4873 3753 4933 prasen-

2249 4951 2419 5020 tiunt;
2449 4953 2592 5010 velut
2612 4970 2856 5026 sagacem
2878 4971 3087 5027 canem,
3118 4959 3239 5030 quia
3266 4960 3506 5016 latentem
3535 4959 3674 5014 ieram
3699 4950 3753 5004 0i-

2248 5044 2389 5101 l'actu
2426 5048 2687 5104 acerrimo
2712 5050 2790 5105 sic
2819 5051 3041 5120 invenit,
3073 5064 3132 5109 ut
3159 5054 3223 5109 ad
3251 5071 3366 5112 eam
3387 5052 3658 5126 capiendam
3680 5046 3750 5101 du-

2248 5149 2425 5195 catum
2449 5141 2732 5212 quemdam
2759 5142 2958 5200 homini
2990 5146 3243 5215 praabeat,
3262 5162 3364 5203 non
3390 5148 3555 5219 utique
3577 5140 3749 5216 prudeﬂ‘

2317 5296 2335 5328 ί
2370 5300 2470 5346 Duo
2488 5302 2614 5370 Mssa,
2642 5298 2759 5371 quia
2779 5298 2832 5351 id
2864 5308 3011 5364 Deus,
3043 5300 3155 5355 licet
3174 5303 3239 5356 sit
3256 5303 3417 5370 justus
3447 5310 3491 5357 et
3507 5297 3744 5365 αηιὶροιδιιςι

2313 5422 2334 5485 ξ
2367 5427 2419 5470 In
2442 5430 2566 5485 Mss,
2592 5422 2860 5476 scribendo.

2313 5484 2336 5550 ξ
2367 5484 2440 5550 sic
2459 5484 2565 5535 Mss.
2586 5486 2705 5536 Editi
2726 5495 2907 5550 autem,
2933 5488 3097 5541 mum.

2313 5546 2337 5616 ξ
2369 5546 2557 5616 Aliquot
2578 5554 2707 5610 Mss,
2730 5546 3025 5616 efﬁcientia.
3238 5614 3247 5616 4
3394 5614 3403 5616 _
3427 5613 3437 5616 Α
3571 5608 3581 5616 _
3627 5604 3647 5616 ._
3675 5600 3697 5616 ,,

2312 5610 2334 5642 ⁵
2366 5608 2591 5674 Plerique
2818 5614 3072 5678 instigante
3112 5614 3324 5669 maximo
3358 5613 3462 5667 vitio
3488 5608 3737 5678 cnﬁwﬂi‘ff:

3149 5666 3291 5742 τ’τῶ
3302 5666 3498 5730 πίθητ’
3514 5666 3737 5726 mm"

2249 5739 3390 5870 ιωῗρβίέὲἶῗιέθοδὲεῗίεξῖἓιῗὲἓεωῦαῗέθηαωψε.
