3880 6284
109 335 190 399 583

111 457 213 508 tiore
252 444 488 502 intellectu
523 431 714 504 animi,
748 433 842 491 sed
871 430 1107 490 acutiore
1133 429 1372 502 corporis
1396 444 1595 492 sensu;

111 543 170 598 vel
192 539 428 599 vulturem,
455 533 572 602 quia
616 528 850 600 projecto
891 525 1158 581 cadavere
1198 537 1263 578 ex
1313 519 1602 590 improvisa

109 629 421 703 longinquitate
445 622 682 684 advolat;
724 635 823 675 nec
860 618 1112 688 aquilam,
1144 615 1269 685 quia
1303 613 1606 668 sublimiter

109 726 248 778 volans
264 720 322 775 de
346 725 480 771 tanto
522 712 794 768 intervallo
831 711 931 766 sub
954 708 1202 763 lluctihus
1232 712 1500 760 natantem
1531 703 1608 774 pi-

109 832 215 870 scetn
236 811 404 866 dicitur
428 805 718 877 pervidere,
750 811 806 858 et
843 801 1078 870 graviter
1103 798 1256 869 aquis
1282 798 1418 851 illisa
1447 810 1609 852 excr-

108 907 157 960 tis
186 901 370 972 pedibus
410 906 564 966 atque
607 894 871 966 unguibus
907 907 1136 963 rapere:
1163 905 1263 946 nec
1305 888 1404 942 alia
1445 887 1610 942 multa

108 994 386 1051 animantium
405 1005 620 1060 genera,
650 1003 770 1058 qua:
799 986 938 1040 inter
965 983 1162 1040 herbas
1186 979 1344 1038 saluti
1373 995 1485 1034 sua:
1511 994 1611 1033 no-

110 1087 192 1140 xias
225 1080 458 1152 pascendo
481 1079 882 1141 circumerrant,
917 1089 1018 1130 nec
1059 1071 1259 1141 aliquid
1290 1085 1477 1126 eorum
1504 1084 1612 1138 quo

111 1174 310 1230 leniantur
336 1170 620 1240 attingunt;
653 1183 775 1223 cum
806 1182 896 1221 eas
947 1166 1106 1219 homo
1149 1163 1233 1216 vix
1287 1159 1614 1230 experiendo

109 1280 249 1322 cavere
269 1261 514 1326 didicerit,
545 1271 600 1316 et
620 1259 782 1315 multa
807 1257 1024 1313 innoxia
1050 1254 1191 1326 quod
1211 1255 1318 1309 sint
1340 1254 1613 1321 inexperta

110 1355 316 1412 firmidet.
344 1352 490 1410 Unde
512 1351 782 1421 conjicere
816 1348 972 1404 facile
1002 1357 1106 1412 est,
1133 1353 1330 1416 quanto
1359 1343 1532 1415 possit
1561 1343 1614 1396 in

109 1446 224 1502 aeriis
241 1443 534 1514 corporibus
557 1456 746 1498 sensus
782 1440 960 1496 acrior
979 1453 1100 1493 esse
1123 1454 1136 1490 :
1162 1452 1262 1492 nec
1290 1435 1412 1490 ideo
1439 1444 1616 1488 tamen

113 1539 335 1602 demones,
358 1533 446 1606 qui
470 1548 536 1588 eo
558 1531 768 1603 przediti
794 1537 942 1594 sunt,
973 1529 1126 1582 bonis
1148 1525 1454 1580 hominibus
1485 1539 1621 1594 pne-

116 1627 322 1697 ponendos
360 1624 589 1696 prudens
624 1622 849 1693 quisque
872 1619 1159 1676 censuerit.
1187 1617 1299 1672 lloc
1326 1625 1380 1670 et
1405 1615 1472 1671 de
1501 1630 1620 1670 cor-

112 1735 248 1789 porum
272 1717 530 1774 celeritate
552 1713 820 1770 dixerim:
848 1720 904 1767 et
949 1711 1052 1766 hac
1097 1710 1240 1764 enim
1293 1707 1617 1779 prmstantia,

110 1826 183 1865 non
218 1811 366 1864 solum
411 1823 442 1862 a
487 1806 798 1862 volucribus
840 1804 1105 1866 homines,
1154 1816 1342 1856 verum
1389 1799 1552 1854 etiam
1590 1815 1620 1852 a

109 1902 243 1956 multis
275 1897 694 1970 quadrupedibus
743 1897 818 1950 ita
861 1902 1203 1964 superantur,
1237 1900 1294 1945 ut
1339 1890 1390 1944 in
1433 1903 1620 1944 eorum

107 1991 433 2060 comparatione
459 1987 693 2056 plumbei
711 1983 999 2056 deputandi
1024 1983 1150 2048 sint;
1182 1996 1280 2037 nec
1307 1989 1482 2035 tamen
1504 1978 1624 2034 ideo

107 2083 180 2138 sibi
201 2083 296 2138 hate
317 2080 662 2136 animantium
683 2093 878 2150 genera
905 2076 1214 2132 existimant
1241 2073 1621 2146 prmponenda,

107 2173 252 2242 quibus
276 2171 555 2242 capiendis,
595 2168 1097 2232 mansuefaciendis,
1126 2176 1286 2238 atque
1326 2167 1377 2219 in
1397 2180 1507 2220 suae
1534 2179 1628 2218 vo-

108 2264 274 2319 lunlatis
299 2278 441 2318 usum
467 2261 924 2332 commodumque
948 2257 1274 2330 redigendis,
1300 2273 1404 2311 non
1434 2256 1483 2310 vi
1501 2271 1626 2310 eor-

108 2355 229 2424 poris,
256 2355 340 2410 sed
366 2354 588 2410 rationis
611 2353 940 2424 imperitam.

155 2445 342 2502 CAPUT
377 2446 461 2500 IV.
482 2475 554 2487 —-
577 2445 717 2499 Mira
735 2443 968 2515 quendam
1004 2442 1094 2496 etsi
1127 2441 1380 2496 dentones
1413 2438 1626 2510 faciunt,

106 2537 409 2591 contemnendi.
433 2536 584 2592 Illam
609 2550 736 2591 vero
757 2533 966 2588 tertiam
987 2532 1290 2587 d:emonum
1314 2529 1626 2599 potentiam,

107 2627 211 2696 quod
223 2627 445 2683 diuturna
467 2642 651 2683 rerum
667 2624 996 2696 echrientia
1015 2620 1466 2694 quemadmodum
1491 2633 1629 2690 prse-

107 2728 280 2774 noscant
303 2729 451 2790 atque
477 2717 844 2790 przenuntient
867 2715 1030 2770 multa
1057 2713 1378 2776 didicerunt,
1398 2711 1471 2776 ita
1503 2726 1634 2766 con-

108 2819 297 2867 temnunt
332 2813 416 2884 qui
452 2811 572 2867 inec
599 2810 882 2881 vigilanter
905 2815 1094 2863 curant
1120 2820 1150 2859 a
1175 2804 1472 2860 verissima:
1498 2802 1633 2858 lucis

109 2902 282 2959 veritate
302 2903 627 2969 discernere,
659 2909 718 2954 ut
747 2915 846 2954 nec
874 2898 1046 2952 malos
1075 2910 1233 2953 senes
1259 2895 1406 2966 plura
1436 2909 1631 2964 exper-

108 3000 182 3058 tos,
204 3002 248 3048 et
267 2993 329 3049 ob
352 2994 448 3049 hoc
474 2993 633 3064 quasi
659 2990 952 3054 doctiores,
987 2987 1109 3043 ideo
1139 2986 1291 3056 probi
1321 2984 1635 3040 adolescen-

110 3091 168 3137 tes
185 3084 268 3140 sibi
288 3084 605 3139 anteceilere
623 3081 960 3146 existiment;
991 3093 1092 3134 nec
1117 3077 1371 3143 medicos,
1398 3091 1496 3132 nec
1516 3091 1639 3130 nau-

111 3183 184 3240 tas,
206 3190 288 3230 nec
321 3176 608 3247 agricolas,
639 3187 772 3242 quos
817 3186 993 3241 prava:
1019 3169 1307 3224 voluntatis
1349 3175 1404 3222 et
1444 3167 1639 3238 iniquis

110 3268 297 3323 moribus
329 3269 581 3334 viderint,
619 3267 740 3321 ideo
768 3265 869 3320 sibi
897 3271 1084 3334 putent
1109 3277 1228 3318 esse
1256 3259 1637 3332 praeferendos,

41 3369 44 3372 '
109 3357 215 3426 quod
254 3359 320 3415 illi
358 3361 425 3418 de
447 3358 869 3424 valetudinibus,
899 3357 977 3412 illi
1007 3357 1073 3411 de
1103 3353 1530 3425 tempestatibus,
1564 3351 1641 3406 illi

108 3448 160 3504 de
179 3452 486 3508 arbustorum
515 3451 842 3521 frugumque
868 3447 1154 3518 generibus
1193 3445 1357 3499 multa
1397 3443 1468 3498 ita
1499 3457 1640 3511 prte-

113 3543 322 3614 nuntiant,
348 3553 406 3600 ut
434 3545 630 3600 harum
663 3557 841 3597 rerum
867 3541 1150 3610 inexperto
1164 3537 1407 3594 divinare
1430 3535 1644 3590 videan-

113 3642 189 3686 ωτι

161 3723 204 3777 8.
235 3724 370 3793 Quod
395 3742 522 3783 vero
571 3741 677 3781 non
704 3725 878 3802 solum
905 3723 1177 3778 daemones
1201 3721 1444 3791 quaedam
1471 3719 1645 3774 futura

113 3815 373 3886 pnalicunt,
413 3831 622 3875 verum'
647 3817 805 3872 etiam
835 3815 1077 3886 quaedam
1127 3815 1260 3869 mira
1299 3813 1516 3878 faciunt,
1552 3828 1648 3881 pro

115 3902 198 3970 ipsa
217 3908 376 3978 utique
415 3909 495 3964 sui
541 3907 786 3976 corporis
827 3904 1163 3970 excellentia,
1207 3919 1301 3959 cur
1331 3919 1436 3957 non
1465 3911 1649 3957 conte-

114 4007 280 4053 mnatur
303 4015 329 4053 a
357 3998 730 4070 prudentibus,
753 4012 874 4052 cum
907 3996 1215 4066 plerumque
1246 3994 1408 4064 iniqui
1439 4009 1501 4048 ac
1528 4009 1650 4062 pcr-

114 4085 184 4140 diti
215 4088 435 4147 homines
473 4091 548 4146 ita
576 4099 861 4144 exerceant
890 4101 1110 4157 corpora
1129 4095 1256 4151 sua,
1289 4091 1538 4153 tantaque
1567 4082 1652 4136 di-

115 4179 246 4233 versis
267 4181 462 4236 artibus
500 4179 714 4251 possint
743 4180 783 4246 ¹,
820 4186 881 4232 ιιι
923 4192 984 4231 ea
1014 4177 1100 4247 qui
1132 4174 1245 4229 haec
1275 4173 1518 4228 nesciunt
1557 4188 1654 4227 nec

117 4268 348 4337 aliquando
367 4274 637 4338 viderunt,
661 4269 819 4325 etiam
844 4277 1054 4322 narrata
1085 4267 1173 4320 vix
1199 4265 1456 4320 credant?
1483 4264 1652 4332 Quam

116 4359 245 4414 multa
281 4361 569 4418 funambuli
600 4360 887 4428 ceterique
918 4357 1161 4412 theatrici
1207 4355 1461 4420 artiﬁces,
1494 4368 1652 4422 quam

118 4451 246 4505 multa
271 4455 476 4524 opiﬁces
521 4453 860 4520 maximeque
890 4447 1181 4503 mechanici
1229 4445 1466 4500 miranda
1514 4444 1654 4498 fece-

119 4545 242 4598 runt?
265 4545 389 4603 Num
419 4547 545 4603 ideo
578 4544 825 4600 meliores
849 4551 973 4596 sunt
999 4541 1151 4595 bonis
1177 4549 1229 4594 et
1255 4547 1436 4592 saneta
1465 4537 1657 4608 pietate

123 4637 310 4695 traditis
333 4635 680 4694 hominibus?
717 4635 846 4701 Qua:
871 4633 991 4689 ideo
1019 4628 1450 4693 commemoravi,
1484 4639 1541 4683 ut
1568 4629 1657 4699 qui

122 4720 210 4780 inec
231 4727 335 4784 sine
361 4727 662 4799 pervicacia
700 4735 757 4780 et
780 4726 894 4780 sine
923 4737 1055 4778 vana
1095 4720 1378 4776 resistendi
1406 4719 1659 4775 animosi-

124 4825 206 4871 tate
223 4821 533 4888 considerat,
567 4817 722 4873 simul
747 4817 965 4886 cogitet,
1011 4815 1055 4868 si
1083 4814 1148 4868 de
1178 4813 1488 4883 subjacente
1513 4827 1660 4868 cras-

125 4906 234 4962 siore
257 4912 466 4966 materia
503 4910 590 4966 vel
617 4909 699 4964 sui
739 4908 962 4979 quisque
991 4905 1251 4975 corporis,
1297 4905 1380 4959 vel
1427 4913 1584 4960 terra:
1607 4915 1662 4959 et

125 5011 261 5067 illum,
284 5003 511 5073 lapidum
538 5011 696 5074 atque
725 5001 984 5072 lignorum
1023 4999 1460 5068 metallorumque
1490 4997 1663 5051 vario-

127 5102 238 5159 rum,
262 5101 393 5149 tanta
432 5094 648 5166 quidam
678 5092 918 5147 homines
948 5099 1192 5161 possunt,
1239 5098 1296 5144 ut
1335 5103 1431 5144 eos
1472 5088 1548 5142 illi
1575 5088 1665 5158 qui

130 5177 222 5236 haec
240 5199 336 5241 non
356 5194 598 5256 possunt,
621 5185 938 5256 plerumque
956 5181 1238 5251 stupende,
1267 5181 1318 5234 in
1345 5180 1424 5234 sui
1446 5194 1662 5248 compa-

132 5273 304 5332 ratione
328 5277 530 5334 divinos
567 5286 778 5341 vocent,
803 5291 925 5331 cum
967 5275 1182 5345 quidam
1209 5274 1416 5328 illorum
1445 5272 1552 5327 sint
1576 5287 1667 5326 ar-

135 5364 250 5419 tibus
270 5369 602 5437 potentiores,
631 5367 846 5438 quidam
873 5367 1092 5422 istorum
1121 5365 1356 5420 moribus
1383 5364 1666 5427 meliores;

137 5465 304 5522 Quanto
327 5460 520 5531 majora
540 5470 593 5516 et
610 5459 928 5514 mirabiliora
952 5472 1048 5527 pro
1062 5455 1389 5511 subtilissimi
1408 5455 1667 5525 corporis,

140 5543 182 5598 id
197 5557 283 5612 est,
296 5551 418 5606 aerii
432 5549 674 5607 facultate
689 5565 752 5605 ac
769 5549 1018 5604 facilitate
1033 5547 1304 5602 dzemones
1323 5547 1669 5616 possint.cum

143 5646 290 5696 tamen
312 5644 413 5698 sint
436 5645 718 5700 voluntatis
746 5644 1023 5713 pravitate,
1054 5641 1388 5709 maximeque
1413 5639 1675 5709 superbiae

197 5774 210 5802 '
239 5774 365 5833 Editi,
381 5774 555 5828 artibus
574 5788 718 5842 agere
735 5773 928 5840 possint.
957 5774 1118 5838 Abest,
1149 5785 1307 5837 agere,
1332 5783 1360 5821 a
1381 5779 1472 5822 Mss

357 5859 570 5923 Smcr.
624 5863 898 5922 Accusr.
933 5857 1039 5920 Vl.

1424 309 1628 367 LiBER
1665 307 1864 366 UNUS.

3189 319 3294 378 586

1717 425 1851 484 fastu
1882 437 1936 484 et
1984 429 2286 486 invidenti-.e
2321 432 2516 487 malitia
2545 435 2560 464 ι
2592 434 2809 503 spiritus
2834 436 3088 491 immundi
3131 445 3291 508 atque

1712 520 1991 588 perversi?
2027 520 2292 588 Quantum
2335 531 2513 576 autem
2543 522 2709 577 valeat
2748 523 2889 578 aeris
2927 524 3290 593 elementum,

1712 625 1816 679 quo
1853 624 2038 665 eorum
2067 625 2292 681 corpora
2324 613 2630 681 pratvalent,
2662 612 2727 667 ad
2756 614 2923 674 multa
2960 615 3184 672 visibilia
3213 620 3294 673 in-

1714 702 1992 757 visibiliter
2017 703 2302 769 molienda,
2361 704 2641 771 movenda,
2688 705 2940 761 mutanda
2985 716 3147 778 atque
3171 725 3298 764 ver-

1715 792 1901 860 sanda,
1930 793 2145 864 longum
2177 803 2259 849 est
2289 809 2428 849 nunc
2470 794 2838 851 demonstrare
2865 813 2879 861 ;
2907 806 2963 852 et
2990 807 3118 868 puto
3158 802 3300 871 quod

1715 883 1799 938 vel
1825 884 2162 940 mediocriter
2183 885 2543 941 consideranti
2572 886 2722 942 facile
2755 897 3020 944 occurrat.

1787 974 2012 1031 CAPUT
2052 975 2116 1032 γ.
2144 1006 2213 1015 -
2238 975 2292 1031 9.
2338 976 2486 1032 Unde
2511 977 2762 1032 daemones
2801 979 3139 1050 prwnuutient
3185 997 3306 1036 ven-

1719 1076 1852 1121 tura.
1895 1067 2024 1134 Quae
2051 1083 2171 1122 cum
2214 1069 2281 1123 ita
2324 1070 2450 1131 sint,
2479 1070 2708 1140 primum
2736 1070 3007 1126 sciendum
3036 1082 3135 1137 est,
3167 1087 3303 1143 quo-

1720 1160 1861 1213 niam
1887 1159 1956 1214 dc
1984 1159 2307 1215 divinatione
2345 1161 2646 1217 daemonum
2691 1163 2915 1233 qumslio
2938 1171 3040 1230 est,
3093 1165 3214 1220 illos
3241 1181 3305 1221 ca

1720 1251 2032 1322 plerumque
2064 1254 2418 1323 prmountiare
2459 1268 2577 1325 qua:
2625 1255 2722 1325 ipsi
2753 1254 2938 1310 facturi
2968 1267 3111 1311 sunt.
3145 1259 3310 1313 Acci-

1724 1341 1873 1411 piunt
1901 1343 2042 1396 enim
2070 1357 2214 1413 saepe
2247 1352 2558 1413 potestatem
2589 1353 2644 1399 et
2673 1345 2887 1400 morbos
2917 1345 3226 1413 immittere,
3257 1359 3314 1402 et

1723 1433 1894 1500 ipsum
1926 1449 2103 1487 aerem
2134 1434 2368 1489 vitiando
2399 1433 2697 1490 morbidum
2726 1434 2970 1503 reddere,
2998 1447 3053 1492 et
3093 1453 3313 1507 perver-

1723 1513 1801 1578 Sis
1837 1533 1995 1595 atque
2023 1525 2348 1581 amatoribus
2376 1537 2709 1581 tcrrenorum
2751 1526 3153 1582 commodorum
3201 1543 3315 1582 ma-

1725 1616 1912 1672 lefacta
1942 1617 2200 1683 suadere;
2234 1618 2302 1673 de
2329 1634 2554 1689 quarunt
2584 1618 2821 1674 moribus
2854 1621 2989 1675 certi
3019 1629 3144 1674 sunt
3171 1619 3312 1690 quod

1725 1710 1834 1764 sint
1858 1711 1936 1765 eis
1964 1711 2087 1764 talia
2118 1709 2464 1766 suadentibus
2505 1711 2837 1766 consensuri.
2877 1710 3314 1768 Suadentantem

1727 1803 1876 1858 miris
1917 1811 1972 1858 et
2018 1803 2369 1858 invisibilibns
2413 1802 2604 1868 modis,
2654 1819 2749 1873 per
2777 1803 2923 1858 illam
2969 1805 3317 1860 subtilitatem

1726 1910 1942 1950 suorum
1973 1911 2256 1965 corporum
2273 1912 2497 1966 corpora
2528 1895 2802 1950 hominum
2832 1911 2937 1954 non
2968 1897 3315 1952 sentientium

1729 1984 2075 2056 penetrando,
2119 2000 2343 2056 seseque
2372 1986 2781 2056 cogitationibus
2809 2002 2995 2041 eorum
3041 2002 3137 2057 per
3168 2004 3314 2058 quae-

1729 2079 1850 2132 dam
1896 2065 2203 2148 imaginaria
2232 2079 2341 2132 visa
2373 2077 2665 2142 miscendo,
2707 2078 2820 2133 sive
2847 2078 3173 2149 vigilantium
3207 2079 3321 2136 sive

1729 2170 2127 2226 dormientium.
2171 2170 2469 2241 Aliquando
2493 2180 2668 2226 autem
2695 2187 2800 2226 non
2827 2187 2945 2241 qua:
2975 2172 3071 2242 ipsi
3089 2171 3320 2236 faciunt,

1731 2263 1824 2316 sed
1867 2278 1985 2332 quae
2028 2263 2355 2317 naturalibus
2401 2263 2567 2333 signis
2611 2262 2782 2317 futura
2809 2272 3168 2333 praenoscunt,
3203 2279 3323 2334 qua:

1729 2353 1880 2423 signa
1925 2353 1976 2406 in
2022 2351 2298 2406 hominum
2327 2367 2517 2408 sensus
2560 2354 2744 2409 venire
2774 2370 2876 2408 non
2924 2364 3168 2424 possunt,
3199 2365 3326 2410 ante

1734 2443 2043 2513 prmdicunt.
2085 2443 2268 2514 Neque
2297 2445 2437 2498 enim
2469 2445 2590 2514 quia
2618 2444 2871 2514 praevidet
2915 2445 3156 2501 medicus
3183 2449 3324 2517 quod

1733 2550 1839 2589 non
1885 2532 2139 2603 praevidet
2178 2535 2293 2604 ejus
2342 2536 2473 2589 artis
2515 2536 2750 2606 ignarus,
2794 2536 2914 2591 ideo
2953 2537 3066 2606 jam
3115 2538 3326 2594 divinus

1737 2624 2011 2680 habendus
2033 2635 2136 2680 est.
2177 2625 2315 2692 Quid
2340 2636 2518 2682 autem
2547 2628 2758 2694 mit-um,
2805 2627 2852 2682 si
2875 2627 3325 2698 quemadmodum

1737 2717 1825 2772 ille
1853 2717 1903 2771 in
1935 2719 2175 2787 corporis
2203 2719 2418 2772 humani
2462 2720 2545 2773 vel
2572 2719 2876 2788 perturbata
2907 2719 2990 2773 vel
3021 2720 3326 2776 modilicata

1739 2810 1995 2879 temperie
2022 2825 2116 2865 seu
2145 2810 2312 2866 bonas
2339 2825 2432 2865 seu
2468 2811 2632 2864 malas
2659 2809 2864 2865 futuras
2891 2811 3147 2880 przevidet
3183 2812 3326 2868 valc-

1738 2899 1990 2966 tudincs;
2019 2901 2096 2956 sic
2122 2900 2331 2956 daemon
2375 2901 2426 2954 in
2454 2902 2593 2955 aeris
2631 2899 2908 2956 aﬁ‘ectione
2929 2911 3088 2971 atque
3113 2902 3329 2957 ordina-

1743 2994 1887 3049 tione
1939 2994 2040 3049 sibi
2093 3002 2241 3059 nota,
2299 2993 2453 3049 nobis
2501 2993 2679 3064 ignota
2725 2995 2767 3058 ',
2822 2992 3026 3048 futuras
3074 2991 3330 3064 praevidet

1744 3089 2127 3159 tempestates?
2168 3087 2465 3158 Aliquando
2493 3095 2549 3142 et
2589 3087 2859 3142 hominum
2908 3087 3284 3158 dispositiones
3309 3130 3326 3155 ,

1744 3198 1848 3235 non
1875 3180 2050 3237 solum
2098 3195 2228 3236 voce
2279 3180 2532 3250 prolatas,
2564 3195 2746 3234 verum
2798 3182 2958 3234 etiam
3008 3181 3333 3251 cogitatione

1745 3283 2050 3342 conceptas,
2079 3286 2200 3326 cum
2222 3271 2370 3341 signa
2387 3270 2628 3340 quaedam
2657 3286 2721 3325 ex
2751 3271 2932 3326 animo
2957 3275 3332 3341 exprimuntur

1747 3364 1799 3418 in
1829 3379 2074 3435 corpore,
2107 3372 2217 3419 tota
2256 3363 2508 3418 facilitate
2535 3363 2841 3434 perdiscunt
2867 3363 2942 3436 (a)
2980 3383 2996 3419 :
3023 3374 3180 3435 atque
3209 3365 3334 3421 hinc

1747 3457 1908 3512 etiam
1936 3456 2101 3510 multa
2128 3454 2302 3510 futura
2334 3455 2706 3525 praenuntiant,
2753 3455 2869 3511 aliis
2897 3455 3140 3512 videlicet
3164 3457 3294 3510 mira
3318 3499 3332 3519 ,

1747 3548 1838 3618 qui
1865 3548 1962 3602 ista
2006 3547 2259 3618 diSpOSila
2289 3563 2392 3601 non
2424 3556 2706 3603 noverunt.
2733 3546 2890 3603 Sicut
2932 3547 3075 3603 enim
3115 3558 3338 3618 apparet

1747 3640 2064 3695 concitatior
2099 3639 2265 3694 animi
2316 3649 2490 3693 motus
2538 3639 2589 3693 in
2635 3638 2804 3704 vultu,
2838 3648 2897 3694 ut
2935 3639 3002 3692 ab
3031 3637 3337 3694 hominibus

1751 3747 1961 3803 quoque
1990 3731 2188 3802 aliquid
2230 3732 2523 3787 forinsecus
2553 3741 2890 3802 agnoscatur,
2919 3733 3059 3802 quod
3084 3732 3337 3788 intrinse-

1753 3839 1846 3879 cus
1885 3825 2056 3894 agitur
2087 3842 2098 3877 :
2129 3824 2198 3878 ita
2231 3839 2334 3878 non
2364 3823 2522 3878 debet
2550 3839 2668 3878 esse
2705 3823 3034 3890 incredibile,
3083 3825 3128 3879 si
3177 3825 3336 3880 etiam

1755 3915 1986 3970 leniores
2003 3915 2025 3945 ³
2055 3915 2404 3985 cogitationes
2428 3914 2556 3969 dant
2601 3915 2774 3984 aliqua
2807 3914 2953 3984 signa
2979 3929 3073 3983 per
3099 3930 3295 3984 corpus
3318 3957 3334 3983 ,

1756 4022 1876 4075 quae
1900 4007 2090 4062 obtuso
2112 4004 2132 4036 ⁵
2162 4021 2321 4060 sensu
2355 4006 2625 4061 hominum
2663 4007 2910 4076 cognosci
2941 4022 3047 4061 non
3095 4019 3335 4077 possunt,

1757 4109 1912 4154 acuto
1960 4110 2138 4155 autem
2189 4099 2487 4153 d.t!llt0ltl)m
2536 4109 2774 4168 possunt.

1829 4191 2052 4247 CAPUT
2091 4190 2178 4244 Vl.
2208 4221 2277 4230 ——
2318 4190 2404 4244 10.
2446 4189 2699 4243 Divinatio
2743 4190 3027 4243 daemonum
3067 4207 3222 4263 quam
3263 4192 3344 4246 di-

1759 4294 1898 4340 stans
1916 4285 1978 4338 ab
2003 4283 2267 4338 altitudine
2292 4282 2566 4354 prophetia:
2586 4282 2784 4336 dittinw.
2826 4281 3092 4338 Dwmones
3122 4284 3342 4354 plerum—

1760 4395 1854 4446 que
1909 4376 2022 4449 falli
2069 4386 2115 4430 et
2177 4374 2374 4446 fauere.
2432 4373 2693 4442 Quomodo
2739 4375 3008 4444 falluntur.
3079 4375 3343 4441 Quomodo

1764 4470 1969 4543 fallunt.
2011 4469 2119 4524 llac
2148 4477 2305 4538 atque
2340 4466 2637 4536 ltujusmodi
2671 4466 2919 4521 facultate
2945 4467 3107 4521 multa
3138 4467 3342 4520 damnu-

1766 4578 1860 4618 nes
1884 4562 2278 4633 przenuntiant;
2310 4573 2428 4612 cum
2459 4569 2635 4613 tamen
2662 4560 2730 4612 ab
2753 4559 2829 4612 eis
2860 4558 3014 4628 longe
3035 4559 3103 4612 sit
3123 4559 3345 4612 altitudo

1766 4653 1906 4708 illius
1939 4651 2249 4722 prophetiae,
2278 4665 2435 4720 quam
2463 4649 2599 4703 Deus
2620 4664 2714 4718 per
2734 4660 2946 4702 sanctos
2968 4649 3198 4718 Angelos
3222 4665 3348 4705 suos

1765 4754 1820 4800 et
1849 4743 2137 4813 Prophetas
2162 4752 2431 4811 operatur.
2473 4740 2602 4794 Nam
2623 4740 2667 4793 si
2686 4740 2808 4810 quid
2835 4739 2902 4794 de
2932 4740 3017 4795 illa
3047 4741 3135 4796 Dei
3163 4741 3317 4812 dispo
3343 4775 3347 4781 -

1767 4837 1960 4892 sitione
1987 4833 2364 4906 praenuntiant,
2391 4831 2612 4884 audiunt
2639 4838 2696 4883 ut
2723 4831 3074 4900 prmnuntient
3098 4850 3112 4900 ;
3145 4842 3198 4886 et
3223 4847 3346 4887 cum

1769 4943 1830 4983 ea
1858 4925 2152 4997 praedicunt
2181 4939 2298 4994 qua:
2343 4921 2465 4976 inde
2509 4921 2747 4985 audiunt,
2795 4937 2898 4975 non
2948 4923 3132 4977 fallunt
3174 4939 3350 4994 neque

1773 5021 2020 5075 falluntur
2051 5037 2062 5071 :
2101 5017 2440 5072 veracissima
2469 5016 2609 5070 enim
2636 5025 2757 5069 sunt
2781 5017 3014 5086 angelica
3039 5027 3094 5073 et
3121 5019 3353 5089 prOphe-

1773 5112 1873 5167 tica
1901 5107 2134 5164 oracula.
2175 5107 2262 5162 Sic
2288 5116 2463 5160 autem
2497 5105 2830 5175 indignanter
2857 5108 3112 5178 accipitur
3136 5109 3179 5173 ⁸,
3210 5110 3351 5179 quod

1774 5202 1948 5271 aliqua
1977 5200 2136 5254 etiam
2182 5197 2304 5252 talia
2353 5196 2626 5252 daemones
2660 5196 2878 5252 audiant
2919 5207 2973 5253 et
3013 5199 3301 5268 praedicant
3333 5242 3350 5268 ,

1841 5339 1856 5368 ι
1894 5340 1960 5383 lta
1983 5341 2086 5382 ttss.
2114 5339 2168 5381 At
2191 5330 2308 5381 editi
2326 5370 2338 5388 ,
2366 5337 2411 5381 et
2438 5330 2643 5381 evidenti
2663 5331 2862 5381 malitia.

1841 5402 1860 5464 ξ
1894 5398 1967 5445 sic
1987 5402 2093 5464 Mss.
2120 5394 2235 5464 ιτμὶιὶ
2261 5407 2392 5464 vero,
2418 5391 2508 5443 sibi
2530 5399 2680 5454 "0le,
2704 5393 2833 5442 nobis
2857 5393 3056 5455 igttctas.

1845 5461 1864 5491 ³
1897 5467 2036 5514 Ven.,
2061 5455 2273 5506 leriores.
2339 5462 2395 5503 tu.

1845 5522 1863 5553 ι
1899 5529 1948 5569 In
1971 5525 2074 5568 Mss.
2093 5553 2106 5576 ,
2131 5517 2342 5567 obtunso.
2551 5577 2562 5584 _
2912 5574 2921 5584 ,
2979 5573 3008 5584 ,,

1843 5587 1864 5617 ⁵
1901 5589 1962 5631 tta
1996 5574 2102 5630 Mss.
2138 5587 2192 5628 At
2217 5587 2314 5626 Am.
2343 5585 2392 5626 et
2415 5577 2590 5630 πει-...εἰσ
2612 5583 2768 5625 autem
2792 5574 2953 5637 nonin
2979 5574 3209 5637 'ignuntrr
3227 5588 3358 5626 ura-

1783 5647 1834 5713 jri
1865 5651 1960 5713 tur.
1980 5650 2109 5699 tota,
2129 5651 2155 5690 .\
2165 5653 2225 5713 on
2245 5638 2728 5713 autcnlnindigrmnter
2741 5636 3031 5713 incipiatur.

1848 5709 1920 5765 (a)
1945 5711 1978 5752 ll
2003 5697 2210 5752 lletract.
2242 5716 2346 5762 cap.
2375 5702 2452 5749 50.
2477 5697 2647 5765 ςᾉρη-ιᾉιι·
2686 5700 2828 5746 etiam
2856 5697 2937 5745 lib.
2990 5701 3005 5745 l
3054 5705 3218 5748 contra
3253 5708 3362 5751 Aca-

1785 5761 2015 5829 demicos,
2041 5778 2176 5829 capp.
2203 5765 2233 5812 6
2258 5761 2309 5813 et
2329 5765 2374 5824 7,
2407 5776 2453 5809 ιι.
2477 5761 2634 5810 iii-2|.

2549 5844 2957 5924 (θη-ηενρ)
