3880 6284
558 365 660 420 537

561 475 709 546 quasi
763 470 960 542 aliquid
1004 469 1276 540 indignum
1314 469 1383 523 sit
1431 478 1485 523 ut
1523 467 1664 538 quod
1708 467 1826 522 ideo
1869 465 2061 519 dicitur
2091 469 2148 514 nt

562 565 867 621 hominibus
914 564 1230 628 innotescat,
1276 561 1376 615 hoc
1417 576 1519 615 non
1568 560 1738 614 solmn
1772 557 1917 620 boni,
1965 567 2146 607 verum

561 660 723 716 etiam
781 654 904 710 mali
963 669 1066 707 non
1119 661 1368 706 taceant:
1409 667 1527 704 cum
1577 651 1627 702 in
1674 650 1801 718 ipsis
1847 643 2151 699 hominibus

564 752 723 807 etiam
750 748 872 803 vita:
915 747 1068 802 bonae
1097 752 1357 814 prmcepta
1399 741 1675 796 videmnus
1715 740 1914 809 pariter
1941 753 1968 792 a
1995 737 2152 807 justis

567 843 938 916 perversisque
963 836 1200 902 cantari;
1230 852 1326 890 nec
1355 836 1543 890 obesse
1587 832 1806 902 aliquid,
1843 832 1950 886 imo
1993 829 2151 886 etiam

567 934 822 1004 prodesse
848 931 913 985 ad
951 929 1207 998 majorem
1238 926 1476 980 notitiam
1529 925 1830 996 famamque
1878 922 2114 977 veritatis
2136 962 2149 986 ,

567 1043 690 1081 cum
720 1025 788 1080 de
819 1024 904 1078 illa
950 1023 1106 1077 etiam
1154 1020 1205 1074 hi
1234 1019 1488 1090 quidquid
1534 1028 1795 1073 noverunt
1833 1018 2035 1084 dicunt,
2065 1017 2156 1086 qui

570 1120 616 1172 ei
648 1116 910 1188 perversis
943 1112 1178 1168 moribus
1206 1111 1596 1167 contradicunt.
1659 1111 1713 1164 lu
1744 1110 1952 1164 exteris
1977 1117 2154 1163 autem

573 1205 1007 1277 praedictionibus
1033 1206 1143 1258 suis
1171 1203 1443 1257 daunones
1489 1203 1796 1272 plerumque
1826 1211 1881 1257 et
1908 1202 2159 1258 falluntur

573 1310 625 1355 et
655 1299 860 1353 fallunt.
903 1296 1176 1352 Falluntur
1201 1295 1436 1367 quidem,
1465 1295 1586 1366 quia
1616 1311 1736 1352 cum
1768 1311 1892 1350 snas
1929 1294 2159 1364 disposi-

575 1393 746 1446 tiones
774 1387 1150 1458 praenuntiant,
1182 1402 1246 1441 ex
1276 1387 1561 1456 improviso
1591 1385 1822 1455 desuper
1847 1386 2045 1455 aliquid
2069 1385 2159 1455 ju—

577 1476 748 1538 betur,
783 1470 921 1540 quod
953 1485 1136 1524 eorum
1183 1469 1404 1523 consilia
1432 1478 1619 1524 cuncta
1673 1469 1964 1540 perturbet.
2007 1469 2163 1524 Velut

575 1565 618 1616 si
651 1560 849 1632 aliquid
875 1560 1162 1630 disponant
1190 1561 1412 1630 quilibet
1442 1560 1684 1614 homines
1713 1560 2032 1630 quibuslibet
2065 1575 2164 1630 po-

578 1654 856 1710 testatibus
883 1653 1100 1720 subditi,
1124 1654 1265 1723 quod
1295 1670 1395 1707 non
1427 1653 1785 1723 prohibituros
1805 1668 1931 1708 suos
1961 1669 2166 1724 prmpo-

579 1749 709 1802 sitos
737 1747 1076 1808 arbitrentur,
1111 1746 1267 1816 idque
1296 1745 1526 1799 facturos
1569 1761 1628 1800 se
1653 1761 1772 1800 esse
1816 1747 2162 1816 promittant;

580 1847 634 1892 at
665 1837 758 1904 illi,
801 1851 965 1907 penes
992 1853 1124 1906 quos
1156 1839 1325 1906 major
1371 1845 1602 1906 potestas
1630 1846 1732 1904 cst,
1765 1852 1831 1892 ex
1874 1837 1978 1891 alio
2005 1853 2164 1905 supe—

578 1931 721 1984 riore
742 1928 963 1984 consilio
981 1930 1079 1981 hoc
1102 1937 1267 1981 totum
1291 1927 1604 1997 dispositum
1628 1937 1787 1998 atque
1814 1939 2166 1998 prmparatum

583 2031 803 2092 repente
829 2020 1166 2090 prohibeant.
1212 2019 1488 2073 Falluntur
1516 2022 1674 2074 etiam
1707 2037 1826 2074 cum
1857 2021 2032 2074 causis
2071 2036 2168 2074 na-

585 2114 842 2170 turalibus
867 2115 1062 2183 aliqua,
1097 2114 1231 2166 sicut
1265 2113 1474 2179 medici,
1507 2123 1594 2167 aut
1626 2123 1816 2178 nauta),
1850 2123 1939 2168 aut
1968 2115 2171 2185 agrico-

586 2211 673 2277 l:e,
706 2209 798 2263 sed
829 2208 985 2277 longe
1014 2207 1219 2260 acutius
1251 2206 1509 2276 longeque
1541 2209 1875 2277 pra-stantius
1907 2223 2000 2276 pro
2041 2206 2169 2262 aerii

585 2301 826 2371 corporis
854 2315 1013 2353 sensu
1037 2297 1314 2352 solertiore
1338 2310 1389 2351 et
1417 2299 1787 2353 exercitatiore
1812 2311 2165 2368 ιη’ωιιυδριιιιιε

591 2392 714 2462 quia
740 2400 791 2446 et
821 2390 934 2444 haec
961 2390 1027 2444 ab
1061 2391 1276 2460 Angelis
1306 2391 1413 2443 Deo
1439 2406 1648 2442 summo
1694 2392 1776 2458 pie
1821 2392 2172 2446 servientibus

588 2483 690 2537 alia
734 2481 1079 2552 dispositione
1111 2481 1284 2550 ignota
1315 2480 1646 2534 daemonibus
1677 2496 1745 2534 ex
1779 2481 2065 2549 improviso
2111 2497 2174 2536 ac

587 2583 810 2644 repente
852 2579 1139 2626 mutantur.
1182 2571 1457 2641 Tanquam
1487 2572 1528 2622 si
1558 2585 1699 2640 wgro
1729 2570 1928 2639 aliquid
1974 2573 2174 2626 extrin-

584 2678 742 2718 secus
790 2664 806 2693 ¹
837 2661 1060 2727 accidat,
1089 2675 1194 2731 quo
1240 2664 1513 2724 moriatur,
1560 2676 1716 2729 quem
1761 2660 1999 2714 medicus
2039 2662 2175 2716 veris

589 2753 776 2810 salutis
804 2753 1221 2824 praecedentibus
1263 2751 1425 2821 signis
1457 2752 1714 2805 victurum
1759 2766 1877 2806 esse
1919 2753 2177 2822 promise-

586 2855 708 2912 rat;
737 2853 829 2899 aut
852 2844 894 2898 si
923 2844 1064 2900 aeris
1085 2843 1335 2914 qualitate
1363 2843 1608 2912 pl".I3\'is:t,
1639 2843 1728 2897 diu
1753 2843 1996 2898 [laturum
2027 2845 2172 2899 illum

587 2945 806 2990 ventum
833 2944 1111 2990 nautarum
1157 2935 1347 3004 aliquis
1387 2934 1738 3002 pnedixisset,
1787 2937 1872 2989 cui
1921 2936 2176 2991 Dominus

588 3025 832 3081 Christus
858 3040 974 3080 cum
1006 3024 1279 3094 discipulis
1308 3024 1560 3096 navigans
1592 3036 1645 3079 ut
1673 3027 1974 3096 quiesceret
2001 3029 2177 3100 impe-

565 3121 746 3188 ravit,
790 3128 844 3174 et
889 3118 1024 3174 facta
1053 3129 1134 3174 est
1183 3119 1534 3189 tranquillitas
1581 3134 1767 3190 magna
1811 3119 2024 3190 (Matth.
2059 3136 2172 3185 vna,

588 3213 724 3284 26);
755 3211 837 3266 vel
868 3210 913 3264 si
955 3209 1188 3280 agricola
1221 3209 1309 3264 illo
1354 3225 1493 3263 anim
1535 3207 1969 3266 fructiticaturam
2017 3212 2176 3268 vitem

591 3306 821 3375 aliquam
851 3303 1184 3372 polliceatur,
1219 3313 1460 3356 naturam
1504 3303 1683 3372 utique
1728 3314 1880 3358 terrm
1911 3314 1965 3360 et
1991 3321 2178 3360 nume-

594 3412 686 3452 ros
729 3396 990 3451 seminum
1019 3395 1240 3461 callens,
1270 3411 1374 3465 quo
1421 3404 1594 3449 tamen
1639 3411 1780 3460 anno
1811 3412 1927 3457 eam
1961 3400 2046 3452 vel
2076 3399 2174 3453 im-

595 3489 807 3561 provisa
837 3487 961 3543 caeli
989 3487 1333 3557 intemperies
1377 3489 1648 3554 arefaciat,
1696 3491 1776 3544 vel
1807 3491 1981 3559 aliqua
2006 3491 2178 3561 jussio

593 3578 909 3651 potentioris
935 3577 1168 3633 eradicet
1193 3597 1205 3633 :
1231 3580 1300 3632 ita
1323 3581 1484 3633 multa
1508 3582 1664 3635 etiam
1693 3583 1756 3637 ad
1787 3585 2176 3654 pia-scientiam

593 3672 1099 3744 praedictionemque
1134 3671 1434 3727 daemonum
1483 3675 1820 3744 pertinentia,
1853 3694 1972 3748 qua:
2001 3679 2176 3733 mino-

595 3770 742 3825 ribus
766 3778 820 3825 et
861 3769 1223 3823 usitatioribus
1265 3768 1437 3823 causis
1477 3769 1648 3824 futura
1680 3773 2056 3840 prmvideutnr,
2090 3790 2181 3829 ea-

595 3862 720 3917 dem
754 3861 1044 3932 majoribus
1074 3872 1126 3917 et
1152 3862 1528 3918 occultiOribus
1557 3867 1730 3918 causis
1761 3865 2010 3934 impedita
2059 3882 2178 3922 mu-

594 3965 796 4010 tantur.
838 3951 1050 4007 Fallunt
1076 3963 1254 4007 autem
1285 3954 1443 4008 etiam
1485 3955 1658 4010 studio
1685 3956 1898 4012 fallendi
1925 3967 1980 4012 et
2003 3958 2179 4014 invida

595 4047 890 4109 voluntate,
939 4060 1038 4116 qua
1093 4045 1368 4099 hominum
1418 4062 1601 4101 errore
1649 4049 1912 4104 hetantur.
1957 4051 2061 4106 Sed
2113 4067 2180 4106 ne

593 4139 735 4210 apud
764 4138 998 4194 cultores
1043 4153 1170 4193 suos
1202 4138 1408 4209 pondus
1451 4141 1783 4196 auctoritatis
1829 4144 2093 4208 amittant,
2128 4144 2181 4200 id

595 4238 776 4301 agunt,
823 4237 881 4284 ut
941 4230 1314 4300 interpretibus
1365 4231 1474 4285 suis
1540 4233 1917 4305 signorumque
1963 4252 2178 4298 suorum

597 4322 991 4393 conjectoribus
1039 4323 1190 4392 culpa
1241 4323 1516 4387 tribuatur,
1579 4326 1790 4393 quando
1843 4327 1926 4382 vel
1974 4329 2180 4399 decepti

600 4413 796 4468 fuerint
825 4411 908 4466 vel
942 4412 1145 4466 mentiti
1170 4413 1211 4462 '.

671 4506 760 4560 Η.
791 4502 925 4571 Quid
951 4517 1080 4574 ergo
1101 4503 1315 4571 mirum,
1339 4504 1381 4558 si
1402 4503 1510 4574 jam
1535 4508 1845 4564 imminente
1862 4511 2180 4579 templorum

599 4609 692 4654 aut
736 4595 1143 4653 simulacrorum
1196 4598 1504 4663 eversione,
1554 4615 1712 4669 quam
1757 4602 2037 4673 PrOphette
2089 4607 2184 4664 Dei

598 4689 792 4745 summi
821 4699 965 4745 tanto
991 4697 1116 4744 ante
1147 4689 1520 4760 praedixerant,
1550 4691 1764 4764 Serapis
1788 4694 1996 4753 daemon
2027 4699 2183 4756 alicui

602 4780 863 4834 cultorum
905 4795 1122 4835 suorum
1155 4781 1255 4836 hoc
1295 4782 1361 4836 de
1394 4783 1633 4852 proximo
1661 4786 1910 4856 prodidit,
1948 4801 2004 4844 ut
2033 4807 2181 4849 suam

603 4869 756 4940 quasi
800 4869 1128 4926 divinitatem
1175 4873 1430 4928 recedens
1476 4876 1559 4930 vel
1601 4874 1812 4948 fugiens
1841 4885 2185 4940 commenda-

593 4961 730 5017 'ret?

676 5052 898 5109 CAPUT
943 5053 1048 5107 Vll.
1075 5084 1146 5094 —
1175 5053 1276 5110 Cur
1302 5057 1552 5116 da'moues
1575 5062 1803 5132 ipsorum
1829 5068 1965 5122 mala
1983 5100 1985 5102 -
2006 5068 2085 5126 vel
2111 5072 2184 5127 si-

603 5146 759 5208 leant,
790 5145 865 5199 re!
887 5147 1162 5216 pra‘dit‘anl
1190 5148 1458 5206 interdum.
1501 5151 1770 5226 Fugantur
1796 5162 1940 5214 enim
1973 5161 2079 5228 isti,
2103 5164 2184 5219 vel

601 5239 763 5294 etiam
805 5237 971 5308 jussis
1025 5240 1385 5308 superioribus
1432 5245 1661 5317 colligati
1707 5251 2086 5312 abstrahuntur
2131 5269 2185 5313 et

665 5377 683 5406 ³
719 5371 825 5423 Sola
856 5371 1006 5422 editio
1024 5379 1159 5434 μοι,
1183 5373 1487 5430 intrinsecus.

663 5437 802 5516 illi?
820 5433 1571 5516 ᾕέὲίηθξέἀξξξιὶεμθιῒφυφξιησυιξηι
1594 5456 1704 5493 vero
1741 5445 1853 5516 ipsi.
1871 5449 2070 5516 nutanti
2088 5455 2186 5516 spi-

595 5497 725 5566 ritus
741 5503 797 5566 ret
819 5494 1039 5566 illusores
1062 5494 1305 5566 hominum
1336 5494 1478 5566 atque
1498 5494 2148 5565 invaseressalutis—'35::sz

597 5559 747 5610 solent
769 5556 1044 5628 prazdicere.
1051 5557 1290 5628 defectum
1303 5552 1626 5628 culturaisme
1639 5552 1702 5616 leti
1710 5552 1951 5621 idélb'r'iiiii

597 5619 828 5693 quatenus
850 5619 1044 5693 praescii
1063 5619 1330 5693 rideantur,
1353 5626 1478 5693 quod
1502 5625 1773 5693 in_siugulis
1796 5619 1955 5693 reginis
1968 5619 2058 5686 ei}?
2067 5619 2184 5692 168’;

597 5682 942 5764 venturw‘n's'it,
969 5682 1167 5764 etquod
1185 5682 1398 5764 .advelrsi
1420 5682 1740 5764 surpfactiimi
1777 5682 1902 5746 coniti
1917 5682 2048 5760 igJi-‘é
2068 5682 2180 5764 Et);

600 5743 1097 5824 {maereamus
1106 5745 1470 5824 ρηξρςῃᾷζίιέςη
1487 5743 1711 5806 historias
1735 5743 1908 5821 legant,
1934 5743 2182 5824 ἢοζιίίῇἧῖ»

597 5803 723 5858 ’ωιιῖ
752 5806 923 5855 Ahsunt
949 5803 1054 5855 haec
1071 5803 1136 5856 ab
1155 5810 1376 5860 caulibus
1398 5819 1500 5863 MSS.
1678 5803 1705 5806 ν-
1737 5803 1758 5804 ~
2051 5803 2076 5826 -;

1460 357 1544 411 Ι)ἰί
1586 351 2019 410 DIVINATIONE
2064 345 2431 411 MMONUM,
2473 344 2530 400 s.
2573 345 2936 401 AUGUSTth
3697 352 3773 406 5n

2255 458 2552 514 alienantur
2578 473 2608 512 a
2641 459 2769 514 locis
2795 459 2928 520 suis.
2963 467 3018 514 ut
3045 457 3112 512 de
3151 457 3315 515 rebus
3355 458 3545 527 quibus
3584 460 3756 517 domina

2255 549 2445 604 bantur
2485 549 2784 620 quibusque
2812 549 3139 612 colebantur,
3174 549 3266 604 tiat
3311 550 3553 606 voluntas
3583 553 3681 620 Dei,
3715 560 3778 625 qui

2255 640 2355 695 hoc
2386 649 2531 694 tanto
2555 653 2677 696 ante
2707 658 2800 711 per
2837 656 3026 699 omnes
3066 651 3253 712 gentes
3283 642 3522 698 futurum
3547 656 3656 700 esse
3677 663 3777 716 pra!-

2254 729 2406 794 dixit,
2435 740 2488 787 et
2513 741 2570 786 ut
2597 747 2692 802 per
2717 747 2844 787 suos
2884 732 3067 796 tidelcs
3105 733 3257 789 ﬁeret
3287 735 3700 804 imperavit.-Cur
3721 756 3783 794 au.

2258 833 2362 878 tem
2395 823 2495 878 hoc
2539 840 2643 882 non
2687 826 2953 886 sineretur
2994 825 3204 882 dmmon
3247 827 3564 897 praedicere,
3592 845 3693 888 cum
3716 836 3787 889 sibi

2253 917 2362 986 jam
2419 926 2777 986 praenosceret
2823 918 3142 976 inuuinere?
3171 934 3300 978 cum
3343 920 3461 975 haec
3490 923 3727 990 przedictio
3750 941 3786 981 et

2261 1012 2538 1082 l’mphetis
2592 1013 2607 1042 ⁸
2641 1020 3001 1076 attestaretur,
3043 1028 3073 1066 a
3103 1013 3301 1082 quibus
3326 1022 3457 1067 sunt
3485 1014 3578 1068 ista
3603 1022 3790 1071 conscri-

2260 1113 2369 1172 pta,
2401 1114 2455 1158 et
2493 1103 2840 1172 prudentibus
2883 1105 3101 1158 daretur
3127 1104 3358 1174 intelligi
3387 1117 3544 1175 quam
3569 1107 3791 1177 vigilanter

2261 1205 2402 1250 esset
2424 1194 2725 1250 dmmonum
2750 1194 2982 1250 cavenda
3003 1193 3211 1250 fallacia
3242 1196 3531 1266 cultusque
3555 1197 3792 1268 fugiendus;

2261 1286 2353 1356 qui
2379 1302 2496 1340 cum
2526 1295 2644 1340 ante
2675 1302 2769 1356 per
2796 1293 2902 1340 tam
2931 1286 3143 1354 longum
3171 1295 3392 1355 tempus
3425 1288 3477 1341 in
3509 1291 3697 1359 templis
3715 1298 3793 1349 suis

2264 1380 2378 1434 hmc
2422 1379 2593 1436 futura
2625 1379 2932 1444 tacuissent,
2963 1395 3082 1449 quae
3131 1380 3558 1450 pet-Prophetas
3600 1385 3794 1452 praedicta

2266 1471 2508 1541 ignorare
2555 1484 2660 1526 non
2712 1479 2965 1540 possent,
3024 1479 3375 1539 posteaquam
3431 1477 3794 1546 appropinquare

2264 1572 2560 1631 casperunt,
2604 1561 2887 1618 voluerunt
2930 1575 2990 1615 ea
3031 1562 3181 1630 quasi
3229 1561 3549 1630 praedicere,
3592 1580 3650 1618 ne
3675 1566 3796 1636 ignari

2268 1654 2499 1722 victique
2530 1661 2860 1722 putarentur.
2901 1652 3032 1706 Cum
3060 1653 3366 1722 igiturtam
3387 1653 3541 1726 longe
3567 1666 3674 1712 ante
3702 1674 3796 1727 pre-

2267 1747 2465 1803 dictum
2509 1755 2653 1802 esset
2694 1757 2853 1816 atque
2890 1748 3274 1816 conscriptum,
3311 1758 3369 1801 ut
3399 1748 3501 1801 alia
3544 1751 3724 1804 interitu
3747 1763 3797 1804 ta-

2268 1854 2438 1900 ceam.
2467 1837 2598 1893 illud
2628 1837 2768 1908 quod
2800 1837 3102 1908 Supbonias
3130 1839 3397 1908 propheta
3429 1839 3574 1906 dicit,
3603 1839 3795 1896 Praele-

2270 1933 2338 1984 bit
2368 1931 2611 1986 Dominus
2637 1931 2876 1986 adversus
2923 1948 3024 1993 eos,
3075 1941 3119 1984 et
3147 1933 3508 1986 extenttinabit
3535 1951 3684 1988 omnes
3717 1936 3796 1989 deos

2271 2022 2490 2091 gentith
2517 2031 2696 2085 terrm;
2726 2032 2771 2074 et
2797 2021 3077 2074 adorabunt
3121 2038 3255 2086 eunt,
3289 2023 3624 2093 unusquisque
3653 2023 3793 2078 delato

2271 2130 2382 2176 suo,
2416 2130 2585 2168 omnes
2623 2113 2803 2172 insula:
2842 2115 3064 2184 gentium
3105 2114 3352 2184 (Sophim
3381 2131 3440 2181 ll,
3474 2117 3557 2186 Η)
3580 2133 3593 2180 ;
3619 2125 3694 2169 aut
3724 2134 3793 2169 non

2271 2207 2558 2262 credebant
2589 2208 2685 2264 ista
2716 2207 2814 2261 sibi
2861 2216 3136 2272 eventura,
3167 2209 3258 2276 qui
3303 2209 3356 2262 in
3389 2210 3593 2278 templis
3619 2210 3788 2278 gentium

2273 2297 2598 2360 colebantur,
2631 2306 2685 2351 et
2732 2297 2851 2351 ideo
2882 2297 2997 2352 haec
3027 2314 3120 2367 per
3159 2313 3289 2358 suos
3336 2310 3492 2354 vates
3511 2316 3570 2354 ac
3601 2301 3792 2354 fanaticos

2274 2390 2608 2460 frequentare
2646 2390 2928 2445 uoluerunt
2958 2408 2970 2443 :
3001 2392 3136 2445 sicut
3177 2407 3369 2446 eorum
3416 2402 3565 2462 poeta
3593 2392 3788 2447 lunonem

2275 2483 2475 2538 inducit
2517 2498 2622 2536 non
2652 2483 2795 2536 omni
2836 2485 2996 2536 modo
3043 2483 3382 2549 credentem,
3425 2501 3541 2554 qua:
3583 2484 3640 2538 de
3679 2485 3789 2537 Turni

2276 2584 2448 2628 morte
2489 2573 2695 2642 Jupiter
2721 2573 2951 2628 dixerat.
2978 2573 3118 2628 Juno
3159 2585 3344 2646 autem
3395 2576 3594 2629 abistis
3620 2584 3789 2644 potestas

2274 2668 2418 2722 aeria
2474 2667 2810 2737 praedicatur,
2862 2683 2983 2737 qua:
3037 2667 3176 2738 apud
3231 2669 3512 2737 Virgilium
3559 2669 3628 2721 sic
3668 2667 3785 2736 loqui

2279 2770 2362 2813 ιιιι·
2395 2777 2407 2812 :

2402 2898 2530 2939 Nune
2553 2899 2712 2939 manet
2733 2892 2970 2940 insontem
2995 2894 3156 2954 gravis
3175 2895 3360 2952 exitus,
3387 2901 3467 2941 aut.
3485 2904 3580 2954 ego
3602 2894 3684 2940 veri

2402 2961 2526 3016 \‘aua
2552 2956 2678 3001 t'oror
2705 2968 2716 3001 :
2742 2956 2870 3016 quod
2888 2962 2943 3001 ut
2966 2969 2996 3001 o
3008 2953 3173 3015 potius
3191 2957 3451 3004 formidine
3470 2953 3580 3002 falsa

2403 3015 2576 3076 Ludar;
2595 3022 2652 3064 et.
2667 3017 2715 3064 iu
2735 3015 2910 3065 melius
2927 3023 3028 3075 tua,
3044 3019 3129 3079 qui
3145 3023 3304 3079 potes,
3326 3031 3435 3066 orsa
3449 3015 3672 3079 redactas!

3033 3074 3243 3138 (metu.
3272 3079 3358 3129 lib.
3387 3079 3461 3140 10,
3488 3091 3529 3128 t‘.
3553 3074 3748 3134 630—632.)

2279 3201 2385 3255 Aut
2411 3215 2538 3270 ergo
2559 3201 2655 3256 iSta
2681 3202 2814 3266 sibi,
2841 3219 2961 3273 quae
2991 3203 3402 3274 perProphetas
3426 3202 3650 3274 pradicet
3676 3213 3784 3253 narc-

2279 3299 2433 3354 rant,
2484 3305 2640 3360 posse
2678 3291 2923 3350 accidere
2969 3293 3242 3352 dtcmoues
3267 3335 3282 3359 ,
3335 3295 3437 3348 hoc
3473 3301 3550 3347 est
3573 3297 3785 3360 poiestatcs

2278 3385 2436 3438 aeriae
2455 3425 2470 3451 ,
2495 3383 2808 3440 dubitabant
2826 3427 2839 3448 ,
2867 3394 2922 3441 et
2956 3393 3233 3455 prepterea
3261 3384 3636 3456 pmdictionem
3657 3392 3781 3434 eorum

2278 3474 2551 3532 celebrare
2575 3475 2860 3531 uoluerunt
2877 3516 2892 3538 ,
2916 3486 2969 3532 et
2998 3475 3123 3531 hinc
3151 3475 3545 3547 intelligendum
3570 3481 3640 3528 est
3659 3469 3783 3539 quale

2279 3567 2384 3620 sint
2415 3585 2427 3620 :
2457 3577 2547 3620 aut
2574 3582 2694 3620 cum
2725 3583 2787 3622 ea
2816 3577 3033 3621 ventura
3056 3569 3355 3623 certissime
3379 3567 3591 3628 scirent,
3616 3562 3707 3616 ideo
3723 3573 3782 3626 per
3838 3562 3839 3628 ξ

2279 3672 2374 3711 sua
2401 3658 2592 3728 templa
2624 3667 2936 3724 tacuerunt,
2969 3676 3036 3715 ne
3059 3660 3169 3729 jam
3197 3669 3325 3715 tunc
3364 3659 3634 3726 inciperent
3653 3652 3703 3706 ab
3717 3651 3781 3702 bo-
3838 3669 3839 3714 ξ

2280 3749 2510 3804 minibus
2544 3750 2958 3820 intelligentibus
2979 3751 3154 3806 deseri
3191 3763 3355 3822 aufue
3387 3746 3658 3810 contemni,
3688 3738 3778 3811 quoIl

2279 3838 2348 3894 de
2401 3840 2716 3910 templorum
2765 3853 2924 3912 atque
2971 3843 3378 3898 simulacrorum
3429 3854 3624 3896 suorum
3662 3834 3779 3888 ΐιιιυπδ

2278 3935 2559 3987 eversione
2596 3932 2673 3988 eis
2716 3932 2994 4002 Prophetis
3016 3937 3036 3965 ²
3076 3944 3455 3990 attestarentur
3496 3929 3576 4001 qui
3612 3939 3686 3981 eos
3713 3920 3777 3975 to“

2284 4023 2654 4094 prohibebant.
2697 4025 2847 4080 Nunc
2877 4041 3004 4081 vero
3033 4036 3376 4098 posteaquam
3419 4036 3608 4094 tempus
3631 4014 3778 4072 adnuit

2282 4130 2388 4186 quo
2407 4116 2810 4185 complerentur
2835 4119 3078 4172 vaticinia
3124 4119 3498 4189 Prophetarum
3535 4111 3613 4168 Dei
3648 4109 3774 4162 unius.

2282 4207 2371 4278 qui
2403 4208 2533 4262 istos
2562 4209 2690 4264 deos
2711 4209 2874 4265 falsos
2899 4210 3058 4275 dicit,
3084 4221 3134 4265 et
3160 4228 3226 4265 ne
3247 4211 3484 4266 colantur
3509 4195 3775 4259 vehementia

2283 4300 2416 4356 sime
2443 4301 2714 4371 praecipit;
2757 4318 2851 4356 cur
2900 4318 3004 4355 non
3049 4302 3152 4357 hoc
3192 4305 3354 4358 etiam
3399 4300 3489 4371 ipsi
3527 4298 3772 4361 compertum

2283 4391 2575 4461 prmdicere
2613 4393 2941 4459 sinerentur,
2976 4402 3034 4447 ut
3055 4394 3175 4448 inde
3217 4395 3408 4449 clarius
3448 4389 3687 4459 appareret
3715 4390 3772 4429 eos

2285 4485 2401 4541 haec
2447 4495 2603 4541 antea
2631 4487 2712 4540 vel
2738 4487 2954 4542 minime
2974 4485 3283 4555 credidisse,
3318 4485 3395 4541 vel
3425 4484 3524 4538 suis
3559 4471 3770 4532 cultoribu5

2277 4577 2562 4638 enuntiare
2589 4577 2864 4642 timuisse;
2896 4579 2948 4632 in
2979 4579 3082 4632 [ine
3101 4589 3277 4634 autem
3298 4620 3310 4644 ,
3336 4586 3561 4644 tanquam
3590 4563 3688 4620 nihil
3709 4560 3769 4611 lu-

2285 4668 2473 4727 benles
2500 4669 2726 4738 amplius
2747 4670 2886 4738 quod
2913 4679 3160 4740 agerent,
3187 4671 3350 4725 etiam
3373 4667 3437 4722 ibi
3460 4661 3652 4718 voluisse
3669 4661 3767 4705 sua!"

2287 4766 2556 4816 ostentare
2577 4760 2989 4823 divinationem,
3023 4761 3107 4815 tibi
3129 4761 3238 4830 jam
3271 4758 3544 4832 produntur
3561 4749 3632 4802 ditt
3654 4742 3766 4796 simu-

2287 4850 2426 4906 lassc
2445 4850 2774 4910 divinitatem
2795 4852 2816 4902 ?

2357 4941 2585 4998 CAPUT
2627 4942 2756 4997 Vlll.
2785 4973 2855 4982 —
2891 4941 2979 4996 12.
3030 4942 3291 4998 Hannone:
3328 4939 3569 5012 iii-radicem
3603 4921 3762 4993 quedam

2287 5051 2401 5090 vera
2418 5051 2481 5090 ea:
2507 5037 2724 5090 oraculis
2753 5034 3122 5105 Prophetarum
3153 5038 3380 5106 potuisse,
3411 5030 3524 5085 nihil
3547 5034 3673 5076 tamen
3698 5027 3759 5060 ιπο

2285 5144 2369 5182 sos
2392 5129 2555 5184 dicere
2578 5139 2753 5183 contra
2779 5128 2942 5182 Deum
2967 5145 3154 5182 verum.
3185 5129 3332 5195 Quod
3359 5133 3514 5180 autent
3537 5116 3756 5208 dicu'tln“:

2285 5221 2414 5291 liqui
2445 5235 2629 5276 earum
2659 5221 2890 5276 cultores
2916 5263 2931 5281 .
2961 5221 3120 5276 etiam
3141 5236 3347 5276 suorum
3370 5208 3635 5287 quibusdam
3657 5197 3753 5291 Ιὶίξτίε
3838 5197 3839 5272 ξ

2289 5314 2401 5370 haec
2422 5314 2738 5384 prmcoguita
2767 5313 3052 5377 contineri,
3078 5329 3370 5383 quanquam
3395 5323 3449 5363 ei
3471 5302 3600 5358 rem

2288 5407 2356 5461 tis
2389 5383 2878 5475 eonfictailputanda
2915 5405 3022 5462 sint
3061 5421 3178 5476 qua‘
3215 5409 3264 5460 in
3307 5414 3470 5460 eorum
3499 5383 3658 5455 templis
3673 5383 3745 5477 tam

2290 5498 2445 5568 longo
2470 5509 2623 5554 antea
2648 5510 2885 5568 tempore
2914 5501 3121 5570 populis
3153 5515 3330 5554 eorum
3356 5497 3393 5551 si
3418 5504 3518 5544 Vm
3544 5481 3739 5578 955?"!

2287 5601 2560 5645 notescere
2586 5591 2910 5657 debuerunt,
2937 5592 3075 5646 sicut
3104 5601 3277 5648 nostra
3317 5603 3409 5643 non
3443 5579 3580 5635 solum
3611 5567 3648 5620 in
3675 5556 3740 5610 Ef‘

2352 5769 2363 5798 ¹
2400 5769 2476 5832 sie
2517 5775 2622 5816 Mss.
2660 5777 2714 5832 at
2761 5767 2913 5826 editi,
2937 5781 2968 5817 α
3002 5768 3250 5832 prop/mit
3287 5783 3303 5818 :
3342 5768 3478 5816 minus
3497 5758 3610 5804 b6113-

2350 5833 2367 5859 ²
2403 5829 2535 5892 t-lditi,
2563 5829 2822 5894 Prop/cette.
2853 5829 3172 5882 Fmendautur
3192 5847 3254 5881 ex
3281 5841 3374 5880 tiss.
