3880 6284
127 302 219 358 539
1504 317 1704 373 LIBER
1742 319 1941 376 UNL‘S.
3257 366 3361 424 δυο

125 417 277 471 etesiis
305 415 526 483 nostris,
561 433 736 475 rerum
777 421 934 476 etiam
956 465 968 488 ,
1001 425 1142 495 quod
1179 426 1244 480 ad
1276 430 1494 498 gravius
1521 433 1668 488 testi-
1780 435 1919 504 quod
1948 436 2137 508 Pagani
2163 444 2305 510 prius
2333 458 2681 520 oppugnaturi
2705 475 2880 520 essent
2915 469 3226 541 Ecclesium,
3252 497 3352 538 uo-

125 506 326 541 nmninm
350 515 530 541 mmrm
563 523 742 541 nmnno
772 510 1012 541 :..:....:.m.
1052 516 1186 541 ....i,..
1269 517 1318 541 ε..
1375 520 1574 541 .--λμη
1633 540 1658 541 η
1843 540 1849 541 ,
2039 531 2090 541 η.
2147 533 2156 541 .
2217 536 2227 541 -

2041 506 2043 508 η
2163 506 2174 510 _
2369 506 2384 518 ι
2408 506 2419 518 ι
2475 506 2504 520 υ
2587 506 2681 511 η--
2709 506 2880 520 "NV...
2915 506 3226 541 ιδυνιινδωιιι,
3253 506 3344 538 110·

121 506 326 560 monium
350 515 532 560 contra
563 523 744 565 omnes
772 510 1014 567 inimicos
1052 516 1224 582 valet,
1269 517 1320 572 in
1366 520 1667 577 Judazorum
1774 540 2000 597 meoque
2035 531 2389 592 Christianum
2425 555 2676 610 quantum
2709 555 2944 612 Valercnt
2984 576 3344 641 persecuturi,

121 597 366 641 svnoeogis
404 598 765 641 anlinniscimn
815 611 862 641 nt
909 605 1179 641 nnticcimn
1231 610 1518 641 rnnilnnlnn
1548 616 1560 641 .'
1591 623 1638 641 οι.
1773 626 1824 641 --ι
1867 620 1907 641 με
1935 620 2042 641 ου’
2079 639 2100 641 νκ
2238 636 2248 641 ‘
2423 633 2434 641 '
2551 637 2565 641 ’

2444 597 2455 610 ι
2553 597 2675 602 ""‘"
2719 597 2944 612 "'u-H-"I-
2984 597 3307 631 νυιδυυυιυΓΙ
3329 618 3344 641 ,

119 597 366 670 synagogis
404 598 766 667 antiquissima
815 611 867 655 et
909 605 1181 660 notissima
1231 610 1518 665 recitantur
1548 616 1560 664 :'
1591 623 1664 667 ta-
1773 626 1825 670 ut
1865 620 1907 672 si
1933 620 2042 676 fieri
2077 636 2254 691 posset
2292 633 2509 689 omnino
2535 637 2598 692 de
2627 650 2762 697 terra
2807 647 3110 711 deleretur:
3142 671 3194 714 et
3223 666 3344 733 quia

119 701 216 733 men
242 700 330 733 nec
359 686 454 733 ista
484 688 592 733 inm
619 705 735 733 Imm
760 692 828 733 ah
851 693 928 733 ni:
949 695 1033 733 vir
1057 712 1176 733 mm
1201 709 1250 733 ΔΙ
1280 703 1516 733 nlnnnnln
1547 720 1636 733 ..-η
1771 721 1859 733 ιη.-
1889 711 2128 733 ωαξης-
2295 729 2304 733 -

2077 686 2090 691 -
2483 686 2502 689 —
2538 686 2596 692 -ν
2807 686 3068 708 “em-mur
3097 686 3109 711 ;
3142 686 3194 714 ct.
3223 686 3341 733 qum

117 701 216 740 men
242 700 330 740 nec
358 686 457 742 ista
483 688 594 757 ipsa
619 705 735 756 qua:
759 692 828 746 ab
851 693 928 747 cis
949 695 1033 749 vix
1057 712 1177 752 raro
1201 709 1254 753 et
1280 703 1517 756 clanculo
1547 720 1666 772 pro~
1769 721 1861 760 eos
1888 711 2136 777 patientia
2174 729 2463 792 martyrum
2491 737 2542 780 et
2572 735 2929 802 magnitudine
2971 746 3341 810 miraculorum

117 777 323 810 farunlnp
389 791 604 810 mnvn-A
637 793 732 810 συιδ
759 781 946 810 Ani”...-
1020 788 1061 810 ..ε
1096 789 1330 810 ---ξ-η---
1372 792 1394 810 γι
1515 809 1520 810 ,
1865 807 1876 810 -

2313 777 2331 792 ν
2452 777 2458 778 ί
2498 777 2538 780 ~~
2572 777 2929 802 -----ο-.--ι-ιυιιυ
2971 777 3341 810 ιιιιιαυυιυινυτη

115 777 323 831 feruntur
343 817 356 838 ,
389 791 604 833 movere
636 793 735 836 nos
759 781 987 850 debent,
1020 788 1062 840 si
1092 789 1336 859 cuiquam
1362 792 1660 850 daemonum
1767 807 1879 852 erat
1909 814 2250 870 superaturus
2273 851 2287 875 ,
2337 822 2389 866 et
2436 830 2795 890 consequente
2843 829 2945 886 ﬁde
2990 840 3300 906 populorum
3326 891 3341 911 ,

115 875 337 911 extortum
361 877 440 911 ost
473 868 525 911 id
551 870 770 911 m‘mim-n
795 873 1082 911 Dllllnrihnn
1114 880 1222 911 οιιῖο
1293 883 1429 911 ηιιΛιΙ
1459 884 1628 911 AL"..-
1765 887 1880 911 LI..-
1909 892 1977 911 -2-
2028 893 2060 911 ιο
2099 905 2110 911 -
2303 909 2309 911 .
2377 902 2408 911 ,ι
2561 910 2565 911 ,
2604 910 2610 911 ,

111 875 337 919 extortum
361 877 440 921 est
471 868 525 922 id
549 870 771 938 prodere
795 873 1084 931 cultoribus
1114 880 1254 943 suis,
1292 883 1429 951 quod
1457 884 1658 941 didice-
1765 887 1886 943 ideo
1905 892 1981 946 sic
2010 893 2204 951 dictum
2233 909 2334 951 est.
2366 902 2643 951 Prtmmlphi

109 966 175 1010 rat
187 971 240 1008 es
251 957 466 1026 eloquiis
480 959 864 1030 Prophetarum
879 967 959 1020 vel
983 984 1048 1021 ex
1071 972 1298 1025 oraculis
1313 974 1653 1044 Angelorum.

108 1045 228 1113 Quod
253 1061 342 1102 cur
363 1064 469 1103 non
504 1049 653 1108 ﬁeret
672 1095 686 1117 ,
715 1069 834 1108 eum
857 1065 922 1112 ‘et
949 1058 1045 1115 ista
1076 1076 1178 1114 non
1207 1062 1274 1116 sit
1298 1068 1616 1135 oppugnatio
1636 1111 1651 1132 ,

106 1137 178 1191 sed
200 1139 455 1194 attestatio
480 1143 718 1200 veritatis
738 1145 764 1199 Υ
788 1147 918 1202 illud
948 1150 1088 1203 enim
1116 1153 1254 1221 quod
1283 1155 1451 1209 solum
1482 1157 1548 1212 ab
1574 1159 1653 1214 eis

104 1227 399 1298 ﬂagitandum
429 1240 518 1286 est
562 1234 618 1300 ί,
667 1252 764 1291 nec
806 1255 1035 1308 unquam
1080 1251 1231 1296 antea
1283 1245 1648 1314 protulerunt,

103 1335 176 1374 nec
214 1337 432 1391 unquam
483 1336 668 1394 postea
693 1369 709 1394 ,
750 1331 851 1384 nisi
897 1333 1027 1388 forte
1051 1335 1332 1390 confictqu
1360 1381 1373 1403 ,
1417 1341 1650 1408 proferre

99 1410 415 1476 conabuntur,
464 1414 668 1484 aiiquid
708 1419 838 1474 deos
867 1437 992 1475 suos
1014 1438 1110 1494 per
1141 1435 1286 1480 vates
1309 1443 1433 1481 suos
1462 1440 1644 1484 contra

103 1499 226 1554 Deum
263 1499 420 1557 Israel
462 1519 630 1561 ausos
669 1510 958 1576 praedicere
1003 1514 1162 1592 fuisse
1202 1527 1288 1570 aut
1327 1518 1522 1574 dicere.
1575 1523 1646 1575 De

103 1604 172 1656 quo
189 1591 288 1645 Deo
311 1593 612 1650 doctissimi
632 1613 815 1654 eorum
841 1612 1082 1659 auctores
1103 1648 1116 1670 ,
1141 1608 1226 1676 qui
1249 1611 1420 1662 omnia
1456 1613 1536 1664 illa
1570 1614 1646 1666 le-

1759 1157 2028 1226 phctatum
2051 1175 2128 1220 est
2163 1187 2177 1222 :
2212 1169 2401 1240 thuid
2425 1181 2732 1248 fremuerunt
2756 1201 2944 1258 gentes,
2975 1206 3021 1249 et
3046 1157 3339 1271 papulirme-

1761 1249 1944 1271 Δωρί
2030 1257 2086 1271 _.
2199 1262 2210 1271 .
2265 1263 2416 1271 -.-

2756 1249 2780 1258 .ν
2935 1249 2943 1256 -
3046 1249 3216 1271 r'r“"
3235 1249 3335 1261 """

1753 1249 1900 1304 dilati
1924 1266 2040 1308 sunt
2069 1257 2240 1314 inania
2260 1263 2287 1315 ἔ)
2304 1266 2582 1325 Astiterunt
2607 1292 2745 1345 reges
2772 1290 2914 1336 terra:
2937 1328 2950 1349 ,
2999 1299 3044 1341 et
3083 1281 3336 1366 principes

1752 1357 2083 1400 convenerunt
2109 1351 2161 1404 iu
2207 1370 2357 1409 unum
2381 1400 2393 1422 ,
2423 1361 2659 1420 adversus
2703 1369 2975 1430 Dominum
3011 1393 3057 1433 et
3095 1387 3335 1444 adversus

1752 1436 2000 1492 Christum
2031 1445 2156 1512 ejus.
2189 1447 2253 1501 Et
2289 1454 2443 1518 paulo
2469 1467 2585 1524 post
2626 1460 2752 1517 dicit
2783 1484 2796 1519 :
2831 1467 3073 1529 Dominus
3101 1479 3228 1534 dixit
3261 1485 3331 1536 ad

1748 1542 1857 1592 me,
1894 1528 2058 1585 Filius
2101 1552 2238 1591 meus
2277 1557 2328 1593 es
2357 1550 2409 1594 tu
2429 1586 2440 1606 ,
2474 1561 2564 1615 ego
2594 1550 2743 1606 hodie
2765 1561 2914 1624 genui
2941 1570 2988 1615 te
3013 1579 3032 1617 :
3060 1571 3261 1635 postulo
3297 1591 3330 1626 α

95 1696 185 1750 gem
224 1697 284 1738 ac
335 1699 497 1742 nosse
564 1698 879 1756 potuerunt,
941 1697 1107 1762 magis
1154 1699 1475 1767 quarsierunt
1522 1705 1641 1772 quis

93 1771 196 1826 Deus
218 1765 570 1846 essetfquam
604 1780 768 1836 Deum
797 1800 990 1854 negare
1021 1797 1321 1856 potuerunt.
1352 1792 1516 1847 Porro
1540 1811 1634 1848 an-

90 1873 167 1918 tem
191 1865 315 1921 Deus
353 1868 485 1936 iste,
516 1886 680 1940 quem
711 1876 885 1930 nullus
918 1893 1099 1932 eorum
1130 1896 1321 1950 negare
1363 1901 1520 1938 ausus
1556 1897 1637 1942 Cal.

87 1971 228 2010 rerum
256 1958 447 2026 Deum,
475 1963 648 2030 quiet
675 1965 717 2019 si
747 1979 979 2036 negaret,
1003 1987 1111 2024 non
1139 1973 1309 2027 solum
1337 1977 1634 2043 subiaceret

84 2044 236 2101 debitis
257 2051 423 2117 poenis
441 2092 455 2116 ,
491 2068 684 2108 verum
705 2057 864 2110 etiam
890 2061 1050 2119 certis
1071 2063 1474 2120 convinceretur
1502 2067 1630 2121 elle-

82 2138 242 2197 ctibus;
271 2141 367 2197 iste
388 2157 522 2214 ergo
558 2145 726 2213 Deus,
749 2164 904 2217 quem
933 2166 1090 2206 nemo
1111 2195 1124 2218 ,
1155 2163 1210 2207 ut
1248 2155 1388 2220 dixi,
1419 2158 1628 2214 illorum

81 2241 202 2283 ausus
224 2238 297 2284 est
322 2248 533 2303 negare
565 2253 745 2292 verum
776 2239 941 2295 Deum
966 2284 979 2306 ,
1017 2243 1135 2298 illos
1165 2245 1324 2302 falsos
1355 2265 1473 2304 eSse
1501 2252 1628 2308 deos
1679 2263 1683 2269 '

79 2327 118 2370 et
138 2322 324 2375 omnino
351 2323 719 2397 deserendos,
747 2345 1035 2403 eorumque
1058 2338 1249 2406 templa
1273 2350 1324 2394 et
1349 2342 1625 2398 simulacra

79 2415 253 2464 ctsacra
279 2415 574 2470 evertenda
607 2405 699 2487 per
724 2435 850 2476 suos
878 2435 1045 2491 vates,
1071 2427 1172 2482 hoc
1199 2439 1282 2483 est
1311 2431 1619 2504 Prophe:as,

79 2509 214 2565 aperta
236 2502 640 2564 denuntiatione
677 2512 945 2580 praedixit,
991 2527 1172 2586 aperta
1205 2502 1462 2590 potestate
1490 2541 1623 2594 pra:-

77 2592 204 2657 cepit,
249 2607 425 2663 aperta
481 2599 713 2656 veritate
756 2605 1060 2674 complevit.
1094 2608 1245 2665 Unde
1290 2613 1406 2682 quis
1454 2630 1620 2686 usque

76 2679 174 2736 adeo
195 2683 402 2755 desipiat
423 2729 440 2754 ,
475 2689 575 2760 qui
619 2707 725 2746 non
757 2696 930 2764 potius
959 2713 1079 2752 eum
1117 2701 1394 2757 colendum
1423 2705 1613 2776 eligat,

77 2787 191 2839 quem
220 2777 312 2831 coli
339 2795 446 2834 non
470 2782 764 2851 prohibent
793 2803 925 2856 quos
950 2801 1003 2844 et
1027 2792 1270 2848 colebat?
1299 2797 1462 2861 Quem
1493 2816 1612 2866 pro-

75 2869 133 2918 cul
165 2867 306 2924 dubio
350 2887 475 2927 cum
529 2875 706 2932 colere
733 2883 987 2949 coeperit,
1029 2883 1150 2939 illos
1177 2887 1356 2958 utique
1400 2905 1504 2945 non
1534 2901 1617 2947 est.

74 2955 277 3022 culturus,
307 2978 438 3031 quos
461 2967 719 3034 prohibet
737 2971 837 3024 coli
859 2989 1014 3041 quem
1041 2976 1186 3030 colit.

121 3048 310 3108 CAPUT
330 3055 513 3110 IX.—
532 3059 618 3114 15.
650 3059 946 3117 Βωυιοηηηι
970 3068 1143 3123 cultus
1169 3070 1316 3125 unius
1339 3071 1432 3127 Dei
1455 3077 1612 3129 cultui

71 3154 244 3198 cessuros
274 3150 578 3216 ρνιεάῑεηιηι
599 3167 629 3204 a
659 3153 942 3223 Prophetis.
960 3158 1111 3226 Quod
1124 3170 1304 3218 autem
1327 3166 1494 3234 ipsum
1519 3183 1608 3222 cs-

74 3241 156 3285 seut
183 3236 386 3294 cultura:
423 3251 623 3311 gentes
648 3248 1011 3303 exterminatis
1037 3250 1137 3306 diis
1173 3252 1315 3308 falsis
1343 3271 1476 3326 quos
1508 3273 1605 3313 an-

71 3332 130 3377 tea
149 3328 394 3398 uolebant,
425 3349 456 3388 a
488 3335 780 3406 Pmphetis
817 3341 932 3410 ejus
959 3358 1080 3400 esse
1111 3347 1420 3414 praedictum
1444 3353 1606 3421 paulo

72 3423 158 3469 ante
173 3426 608 3489 commemoravi,
639 3437 694 3482 et
721 3445 862 3486 nunc
884 3443 1066 3502 repeto
1099 3453 1113 3490 :
1148 3435 1448 3494 Prtevalebit
1473 3483 1486 3504 ,
1518 3442 1602 3497 in-

69 3505 174 3570 quit,
193 3507 421 3567 Dominus
440 3514 691 3572 adversus
715 3536 797 3574 eos
817 3562 832 3586 ,
855 3529 900 3574 et
920 3527 1263 3580 exterminabit
1293 3546 1462 3585 omnes
1483 3533 1602 3588 deos

68 3606 234 3658 gentium
255 3610 428 3668 terra,
458 3614 518 3658 el
544 3606 824 3663 adorabunt
861 3628 1003 3676 eum,
1037 3618 1374 3690 unusquisque
1399 3623 1460 3676 de
1489 3623 1600 3678 loco

69 3699 155 3748 suo,
180 3704 326 3746 omnes
353 3694 549 3750 insula:
575 3699 817 3766 gentium.
856 3701 1037 3772 Neque
1078 3707 1204 3760 sola:
1243 3709 1459 3779 insul:_e,
1503 3715 1596 3768 scd

69 3778 117 3830 ita
142 3795 299 3840 omnes
332 3800 531 3854 gentes
554 3830 568 3853 ,
615 3797 672 3843 ut
699 3792 856 3846 etiam
885 3808 1074 3850 omnes
1099 3798 1283 3852 insulae
1320 3804 1552 3870 gentium
1578 3823 1591 3869 ;

66 3871 423 3945 quandoquidem
450 3879 588 3933 alibi
615 3896 718 3934 non
747 3883 947 3938 insulas
975 3889 1232 3956 nominat,
1262 3893 1354 3950 sed
1384 3896 1594 3952 univer-

64 3969 147 4012 sum
178 3963 337 4020 urbem
384 3977 657 4024 terrarqu
678 4013 691 4035 ,
732 3971 918 4028 dicens
949 3975 1512 4038 :Cammemorabuntur
1540 3999 1593 4043 et

63 4063 343 4111 convertentur
367 4061 434 4113 ad
462 4059 747 4115 Dominum
775 4066 988 4120 universi
1014 4069 1140 4136 ﬁnes
1168 4080 1348 4136 terrm;
1375 4084 1420 4126 et
1463 4077 1590 4130 ado-

63 4140 195 4196 rabunt
216 4146 260 4200 in
279 4162 554 4222 conspectu
574 4153 682 4222 ejus
712 4155 951 4210 universa:
973 4160 1152 4226 patrita
1169 4165 1410 4231 gentium.
1448 4167 1588 4232 Quo-

66 4233 162 4286 niam
185 4237 367 4296 Domini
397 4254 469 4298 est
499 4262 740 4314 regnum,
783 4256 828 4302 et
853 4250 960 4318 ipse
985 4251 1323 4310 dominabitur
1345 4260 1583 4326 gentium.

65 4319 154 4381 "me
186 4339 343 4389 autem
386 4353 482 4406 per
523 4338 792 4393 Christum
827 4327 988 4397 fuisse
1013 4347 1323 4415 complenda
1345 4319 1367 4415 ξ
1393 4360 1444 4404 et
1468 4354 1585 4410 aliis

66 4415 248 4478 pluribus
272 4428 618 4495 testimoniis,
647 4440 702 4485 et
741 4432 790 4485 in
823 4432 1009 4488 eodem
1055 4436 1170 4502 ipso
1213 4441 1418 4506 psahno
1445 4445 1584 4498 unde

65 4501 136 4562 hoc
167 4521 584 4585 commemoravi,
632 4523 759 4576 satis
803 4531 1039 4594 apparet.
1070 4526 1200 4581 Cum
1246 4533 1385 4585 enim
1427 4537 1582 4602 paulo

63 4603 248 4666 superius
288 4606 512 4664 futuram
565 4613 862 4680 passionem
915 4632 1064 4670 suam
1117 4632 1212 4688 per
1258 4621 1575 4692 Prophetam

64 4687 143 4757 ipse
161 4695 458 4772 loqueretur,
482 4705 688 4774 dicens,
718 4705 977 4764 Fuderunt
1003 4728 1181 4766 manus
1201 4731 1335 4769 meas
1361 4726 1408 4770 et
1429 4721 1576 4789 pedes

63 4794 178 4850 meos,
201 4791 622 4850 dinumoraverunt
649 4800 816 4868 omnia
843 4815 957 4856 ossa
975 4819 1122 4867 mea;
1146 4805 1243 4874 ipsi
1270 4821 1382 4862 vero
1410 4815 1575 4866 consi-

60 4872 292 4938 deraverunt
321 4897 368 4941 et
411 4902 774 4959 conspexerunt
817 4909 930 4959 me,
974 4896 1244 4951 diviserunt
1288 4901 1384 4954 sibi
1423 4905 1571 4958 vesti-

59 4977 180 5022 menta
208 4989 338 5044 mea,
377 4989 424 5032 et
459 4997 612 5049 super
656 4991 834 5037 vestem
889 5001 1050 5040 meam
1096 4989 1336 5044 miserunt
1386 5005 1581 5049 sortem.

57 5051 185 5117 (Ρωι.
210 5079 322 5133 xu,
353 5069 450 5135 28,
476 5071 710 5139 29,17,
744 5072 843 5139 18,
876 5075 1014 5147 19);
1060 5079 1213 5146 paulo
1255 5090 1373 5156 post
1412 5084 1569 5139 infert

57 5144 150 5202 illud
171 5158 291 5222 quod
316 5163 483 5230 posui,
513 5144 1040 5221 Commemorabuntur
1061 5179 1110 5223 et
1136 5153 1481 5230 convertentur
1498 5179 1568 5232 ad

56 5231 272 5300 Dominum
298 5253 507 5316 universi
527 5256 654 5324 ﬁnes
679 5268 828 5326 terra
845 5299 858 5322 ,
885 5267 990 5315 etc.
1015 5261 1326 5333 Quanquam
1369 5276 1421 5322 et
1469 5285 1566 5338 per

58 5322 146 5383 illud
172 5340 498 5399 testimonium
527 5322 665 5416 quod
693 5323 837 5418 prius
854 5322 1088 5418 adhibui,
1122 5322 1208 5408 ubi
1237 5356 1433 5412 dictum
1457 5322 1557 5428 est,

60 5413 292 5482 Pra’ralebit
315 5413 558 5509 Dominus
574 5413 809 5512 adversus
827 5458 919 5514 eos
941 5483 957 5509 ,
986 5454 1030 5497 et
1071 5447 1416 5504 exterminabit
1446 5468 1557 5506 om-

59 5524 116 5561 nes
136 5517 231 5572 deos
247 5505 644 5595 gentiuntterrte;
673 5533 724 5585 in
746 5507 811 5588 eo
827 5509 975 5603 quod
1003 5536 1226 5604 positum
1263 5549 1344 5593 cst
1361 5583 1376 5605 ,
1410 5540 1554 5596 Pro:-

56 5600 214 5671 catebit,
260 5615 380 5670 satis
422 5620 713 5675 ostenditur
757 5600 864 5677 hoc
903 5600 1062 5679 etiam
1108 5633 1513 5697 prtenuntiatum
1539 5674 1553 5697 ,

101 5710 112 5739 '
137 5719 196 5765 διε
209 5725 300 5774 MSS.
317 5732 370 5776 At
390 5728 518 5793 editi,
541 5731 598 5782 ab
620 5732 737 5796 ipsis
759 5733 979 5796 {tmaticis
998 5736 1313 5801 ﬂagittmtlum
1339 5749 1423 5793 est.

1746 1631 1855 1682 me,
1883 1630 1929 1671 et
1954 1623 2082 1676 dabo
2110 1626 2198 1679 tibi
2217 1640 2386 1698 gentes
2414 1623 2913 1703 lucreditatemtuam
2932 1691 2948 1717 ,
2976 1664 3024 1707 ct
3053 1623 3327 1724 possessim

1744 1723 1855 1760 nem
1898 1719 2036 1766 tuam
2085 1720 2321 1775 terminos
2368 1734 2514 1780 (ενι-ιε
2543 1729 2714 1800 (Psal.
2755 1753 2820 1803 tt,
2855 1742 2918 1809 l,
2949 1744 3017 1812 2,
3059 1750 3144 1819 7),
3185 1754 3325 1812 Ecce

1745 1797 1876 1819 -.-ηιμ
1915 1799 2008 1819 .I'A.
2201 1817 2208 1819 Α
2333 1813 2342 1819 .
2445 1817 2473 1819 _,

1745 1797 1882 1853 unde
1906 1799 2103 1858 dictum
2133 1817 2213 1861 est
2239 1821 2292 1864 et
2331 1813 2380 1866 in
2409 1817 2513 1871 alio
2540 1797 2744 1888 psalmo
2774 1797 2917 1898 quod
2951 1797 3195 1906 suiperlius
3236 1846 3320 1900 in-

1741 1891 1972 1957 terposui
1992 1937 2004 1957 ,
2035 1893 2562 1962 Commentorabuntur
2602 1923 2650 1966 et
2675 1930 3018 1978 convertentur
3045 1930 3114 1982 ad
3139 1933 3292 1989 Domi
3301 1968 3320 1977 -

1737 1995 1856 2032 "u’"
1879 1985 2097 2041 “"53"”
2120 1991 2245 2056 Ιῖηθδ
2265 2003 2428 2051 terra
2456 1999 2548 2056 "is
2574 2013 2732 2076 atque
2754 2009 3054 2080 huiusmodi
3087 2027 3320 2095 prophe-

1739 2069 1852 2095 una.
1882 2072 2061 2095 ,ιη-μην.
2085 2093 2095 2095 _
2148 2081 2180 2095 ,ι
2367 2085 2398 2095 ι.

2645 2069 2662 2076 -
2824 2069 2842 2080 11
3011 2069 3054 2072 νή-
3087 2069 3179 2090 r'"
3227 2069 3315 2081 "V"

1737 2069 1854 2122 ticis
1878 2072 2210 2134 documentis
2239 2085 2545 2152 pra‘dictum
2570 2098 2882 2169 ostenditur,
2911 2110 3050 2174 quod
3073 2069 3318 2182 videinus

1737 2159 1883 2182 ,‘__,,
1927 2166 1936 2175 .
2201 2173 2211 2182 .
2413 2179 2426 2182 Α

1734 2159 1936 2230 impleri
1966 2182 2060 2235 per
2089 2170 2377 2244 Christum,
2405 2179 2631 2240 futurum
2664 2189 2827 2247 fuisse
2856 2205 2910 2250 ut
2942 2198 3082 2266 Deus
3113 2187 3272 2262 lSrael
3294 2251 3310 2274 ,

1732 2266 1886 2318 quem
1921 2271 2079 2311 unmu
2109 2277 2291 2318 verum
2340 2269 2506 2327 Deum
2548 2276 2919 2352 intelligimus,
2963 2305 3066 2344 nou
3111 2293 3162 2348 in
3208 2313 3313 2353 una

1729 2342 1838 2411 ipsa
1867 2358 2022 2415 gente
2052 2368 2168 2421 quzc
2205 2362 2462 2428 appellata
2494 2375 2575 2423 est
2610 2368 2772 2428 Israel
2797 2417 2810 2436 ,
2847 2379 2940 2432 sed
2982 2383 3033 2436 in
3066 2389 3313 2446 omnibus

1727 2437 1967 2502 gentibus
1992 2444 2256 2502 coleretur
2275 2491 2289 2515 ,
2325 2463 2377 2506 et
2404 2469 2589 2514 omnes
2620 2460 2778 2519 falsos
2823 2468 2951 2524 deos
2978 2474 3224 2534 Gentium
3253 2492 3310 2536 et

1724 2539 1753 2578 a
1795 2531 2001 2598 templis
2041 2550 2224 2592 eorum
2268 2552 2320 2595 et
2347 2560 2376 2598 a
2403 2549 2651 2604 cordibus
2677 2556 2941 2614 cultorum
2969 2580 3185 2623 suorum
3212 2573 3307 2628 de-

1723 2620 1998 2676 moliretur
2022 2626 2056 2676 ¹.
2904 2697 2910 2701 _

1791 2709 2016 2768 CAPUT
2057 2717 2117 2771 Χ.
2153 2750 2221 2759 ——
2251 2724 2334 2777 Η.
2368 2725 2693 2799 Paganorum
2723 2739 2949 2811 reliquid:
2989 2748 3180 2816 [rustra
3214 2753 3305 2825 ja-

1718 2802 2147 2860 ctautdoctriuam
2175 2821 2223 2864 et
2253 2819 2551 2883 sapientiai):
2580 2840 2744 2879 suam.
2777 2829 2911 2886 Eant
2935 2851 3074 2894 nunc
3097 2841 3183 2896 isti
3203 2802 3300 2909 ,θοι

1718 2886 1875 2909 ...ΙΙ-μ-
1929 2907 1939 2909 -
2024 2905 2032 2909 λ
2154 2900 2168 2909 ⁸
2223 2901 2234 2909 ⁸
2295 2905 2304 2909 ⁸

2979 2886 3072 2894 __.-
3097 2886 3183 2896 --η
3203 2886 3220 2909 ,
3245 2886 3294 2900 ν.

1716 2886 1889 2944 adhuc
1917 2905 2097 2950 contra
2121 2900 2465 2963 christianum
2488 2913 2798 2983 religionem
2819 2931 2872 2976 et
2901 2936 3085 2983 contra
3111 2947 3294 2990 verum

1719 2979 1809 3032 Dei
1841 2984 2037 3041 cultum
2059 2993 2316 3051 vanitates
2349 3001 2596 3068 pristinas
2622 3007 2946 3072 defensitare
2967 3022 3216 3092 audeant,
3239 3040 3296 3084 ut

1712 3083 1833 3124 cum
1863 3079 2083 3147 strepitu
2121 3096 2356 3151 pereant.
2385 3090 2514 3146 Nam
2545 3107 2596 3150 et
2623 3099 2722 3154 hoc
2751 3103 2817 3159 de
2843 3106 2945 3162 iilis
2985 3113 3291 3178 praedictum

1711 3164 1868 3217 estin
1897 3167 2127 3240 l’salmo,
2157 3176 2365 3236 dicente
2406 3184 2664 3255 Propheta
2704 3211 2716 3246 :
2752 3195 2942 3254 Sediin
2977 3164 3130 3275 ληρεῖ
3153 3209 3294 3264 thra-

1707 3269 1851 3320 num,
1882 3260 1972 3328 qui
1985 3263 2194 3331 judicas
2217 3274 2518 3340 (equitatem.
2547 3278 2829 3354 Increpasti
2851 3260 3051 3360 gentes:
3069 3307 3116 3351 et
3145 3303 3290 3369 periit
3322 3309 3324 3312 ’

2699 3343 2710 3354 _
2851 3343 2876 3360 υ
3069 3343 3113 3351 --
3145 3343 3287 3369 νυ...

1707 3343 1934 3415 impius;
1965 3367 2144 3409 nomen
2168 3375 2342 3416 eorum
2371 3365 2548 3422 delesti
2573 3371 2625 3425 in
2664 3384 2906 3433 aeternum
2927 3425 2940 3447 ,
2973 3396 3016 3438 ct
3043 3389 3096 3442 in
3125 3406 3287 3446 sarcu-

1705 3435 1810 3489 lum
1834 3443 2023 3498 saeculi.
2046 3443 2254 3506 Inimici
2277 3453 2561 3526 defecerunt
2584 3465 2790 3535 framea:
2816 3471 2868 3524 in
2891 3475 3065 3543 ﬁnem,
3089 3491 3134 3534 et
3157 3484 3283 3538 civi-

1704 3533 1830 3583 tates
1874 3546 2046 3588 eorum
2093 3538 2398 3599 destruxisti.
2445 3547 2608 3607 Periit
2659 3563 2900 3617 memoria
2951 3582 3121 3623 eorum
3165 3589 3280 3629 cum

1701 3624 1940 3694 strepitu,
1978 3638 2024 3682 et
2051 3630 2295 3691 Dominus
2324 3639 2375 3692 in
2405 3652 2644 3701 aeternum
2687 3667 2943 3720 permanet
2983 3658 3149 3729 (Psal.
3181 3683 3238 3720 ιχ
3263 3711 3277 3733 ,

1701 3715 1837 3789 5-8).
1865 3719 2093 3781 Necesse
2120 3738 2203 3783 cst.
2222 3746 2348 3802 ergo
2375 3744 2430 3788 ut
2459 3715 2779 3808 impleantur
2797 3751 2972 3804 omnia
3000 3753 3115 3811 haec
3144 3775 3280 3817 :nec

1699 3809 1839 3876 quod
1865 3812 2036 3870 adhuc
2062 3820 2257 3876 audent
2284 3825 2380 3892 ipsi
2406 3831 2553 3896 pauci
2579 3835 2668 3902 qui
2693 3852 3090 3918 remanserunt,
3124 3854 3277 3906 vani-

1698 3897 1882 3969 loquas
1926 3918 2048 3960 suas
2077 3921 2343 3970 ostentare
2369 3917 2664 3987 doctrinas,
2713 3938 2767 3982 et
2795 3915 3121 3994 Christianos
3159 3951 3277 3998 tau-

1695 4005 1851 4060 quam
1877 3994 2299 4066 imperitissimos
2329 4009 2550 4067 irridere
2569 4057 2583 4078 ,
2606 4023 2803 4074 moveri
2825 4023 3113 4098 debemus,
3143 4034 3270 4102 dum

1694 4081 1746 4150 in
1786 4083 1864 4138 eis
1903 4087 2106 4156 impleri
2144 4108 2204 4146 ca
2232 4111 2348 4164 qua:
2377 4102 2624 4168 prauiieta
2665 4118 2788 4164 sunt
2818 4113 3104 4172 videamus.
3152 4121 3268 4191 Ipsa

1691 4172 1887 4243 quippe
1932 4179 2074 4232 velut
2128 4182 2384 4253 imperitia
2437 4200 2490 4244 ct
2547 4196 2764 4252 stultitia
2810 4172 3265 4287 Christianorum,

1690 4279 1807 4332 quae
1833 4266 2114 4326 humilibus
2138 4276 2157 4304 ²
2180 4286 2230 4328 et
2257 4281 2452 4334 Sttttctis
2480 4284 2700 4356 ejusque
2722 4289 3000 4363 diligenter
3019 4284 3266 4361 studiosis

1689 4366 1902 4424 apparet
1927 4364 2132 4416 excelsa
2156 4375 2206 4420 et
2237 4368 2346 4422 sola
2371 4387 2491 4427 vera
2519 4377 2807 4447 sapientia;
2839 4384 2946 4455 ipsa
2964 4429 2978 4454 ,
3009 4391 3219 4462 inquam
3245 4440 3260 4461 ,

1690 4445 1829 4500 velut
1854 4451 2072 4531 stultitia
2103 4453 2519 4518 Christianorum
2550 4482 2643 4522 eos
2665 4465 2730 4525 ad
2764 4474 2913 4529 istam
2946 4468 3258 4546 paucitatem

2946 4525 3258 4546 ,πηηηπιυ

1686 4537 1908 4609 redegit,
1937 4525 2204 4611 quoniam,
2238 4550 2374 4605 sicut
2405 4553 2531 4610 dicit
2557 4559 2860 4628 Apostolus,
2896 4567 3116 4625 Stultum
3141 4579 3262 4645 fecit

1684 4627 1819 4694 Deus
1845 4634 2140 4703 sapientiam
2185 4639 2338 4712 hujus
2379 4648 2569 4700 mundi.
2603 4650 2798 4709 Deinde
2839 4658 3109 4733 sulijungit
3141 4627 3256 4721 rem

1681 4721 1974 4778 mirabilem
1999 4769 2012 4789 ,
2056 4729 2098 4782 si
2141 4733 2258 4800 quis
2302 4734 2582 4808 intelligat,
2617 4751 2668 4796 et
2705 4744 2772 4796 ita
2813 4751 3087 4818 sequitur:
3119 4756 3255 4814 Nam

1677 4813 1912 4880 quoniam
1941 4817 1992 4869 in
2018 4817 2113 4872 Dei
2147 4824 2392 4895 sapientia
2421 4844 2522 4881 non
2556 4835 2778 4902 cognovit
2807 4841 3022 4896 nutndus
3055 4863 3145 4914 per
3167 4867 3254 4902 sa-

1677 4901 1913 4969 pientiam
1939 4905 2130 4975 Deum,
2155 4913 2344 4981 placuit
2364 4915 2468 4971 Deo
2495 4937 2584 4988 per
2606 4901 2866 4979 stultitiam
2883 4932 3254 5005 prtedicatiqnis
3328 4960 3330 4962 '

1673 4994 1838 5048 salvos
1877 5001 2044 5068 facere
2069 5004 2337 5060 credentes.
2375 5007 2624 5074 Quoniam
2665 5016 2865 5084 quidem
2900 5021 3072 5086 Judtei
3106 5032 3250 5106 signa

1676 5093 1848 5106 ..-ι-.-μ-
1915 5099 1942 5106 ν·
1975 5088 2014 5106 n
2124 5093 2134 5104 ⁸
2256 5096 2268 5106 ’
2359 5098 2371 5106 ⁸

1673 5093 1868 5152 petunt,
1898 5099 1942 5141 et
1973 5088 2134 5144 (ἓνωεί
2155 5096 2452 5162 sapientiam
2469 5116 2697 5171 quazrunt
2718 5123 2737 5160 :
2759 5126 2849 5163 nos
2877 5125 3041 5168 autem
3063 5101 3252 5187 praedi-

1669 5191 1842 5230 camus
1871 5177 2121 5235 Christum
2148 5187 2462 5256 cruciﬁxum,
2489 5192 2686 5251 ludatis
2705 5201 2904 5262 quidem
2925 5209 3240 5280 scandalum,

1671 5266 1906 5326 Gentibus
1938 5283 2103 5328 autem
2130 5280 2394 5336 stultitiam
2415 5325 2429 5350 ,
2462 5285 2586 5355 ipsis
2611 5305 2724 5345 vero
2755 5297 2938 5349 vocatis
2960 5297 3158 5353 Judazis
3195 5312 3242 5355 et

1668 5357 1856 5413 Graecis
1880 5403 1892 5423 ,
1941 5362 2191 5422 Christum
2230 5369 2325 5425 Dei
2378 5372 2618 5433 Virtutem
2669 5392 2716 5435 et
2766 5383 2856 5438 Dei
2901 5386 3236 5458 Sapientiam.

1669 5448 1918 5516 Quoniam
1943 5457 2077 5524 quod
2104 5461 2314 5516 stultum
2353 5475 2424 5519 est
2454 5467 2574 5536 Dei,
2611 5475 2886 5542 sapientius
2923 5489 2994 5530 est
3016 5481 3237 5535 homini-

1727 5689 1740 5719 ι
1777 5694 1824 5737 1η
1845 5696 1968 5748 διεδ..
1993 5693 2286 5746 amoliretur.

1755 5751 1891 5813 Editi,
1917 5751 1965 5804 in
1990 5754 2267 5808 humilibus.
2297 5762 2461 5824 Abest,
2486 5761 2553 5827 in,
2580 5780 2609 5816 a
2633 5775 2733 5818 atss.
