3860 6284
151 239 286 297 επ

233 359 294 412 2.
333 356 440 414 Sed
463 370 585 412 cum
613 355 731 412 lucc
773 356 845 412 ita
883 355 1017 421 sint,
1049 353 1320 424 quomodo
1359 353 1484 408 huic
1521 353 1760 422 opinioni

163 451 495 509 contrarium
539 465 647 504 non
694 451 800 513 sit,
833 449 977 520 quod
1024 448 1154 503 dicit
1196 447 1520 518 Apostolus,
1571 446 1756 500 Omnes

165 543 304 597 enim
328 541 600 596 astabimus
638 549 757 593 ante
793 539 1014 593 tribunal
1055 537 1271 605 Clu-isti,
1300 548 1355 591 ut
1395 539 1524 607 ferat
1555 539 1570 569 ¹
1595 553 1758 590 unus-

167 635 376 700 quisque
398 630 673 686 secundum
693 647 751 683 ea
771 645 886 699 quas
906 646 993 700 per
1021 645 1206 698 corpus
1225 629 1396 700 gessit,
1419 627 1521 682 sive
1550 627 1754 692 bonum,

172 727 277 779 sire
300 722 484 776 malum
512 720 578 793 (ll
600 720 720 774 Cor.
751 735 805 785 v,
838 720 950 790 10),
983 734 1088 774 non
1121 729 1171 775 te
1201 719 1330 773 satis
1355 717 1534 773 videre
1556 715 1759 786 signiﬁ-

170 832 283 872 cas.
334 814 453 870 Haec
478 813 679 883 quippe
721 811 1012 882 apostolica
1055 811 1321 866 sententia
1360 818 1484 864 ante
1530 816 1754 863 mortem

173 908 420 964 admouet
442 906 553 960 ﬁeri
579 904 722 976 quod
752 904 916 974 possit
937 902 1193 974 prodesse
1215 909 1334 973 post
1357 909 1616 966 mortem;
1649 915 1754 954 non

175 1009 328 1062 tunc,
356 995 565 1067 quando
581 995 692 1066 jam
719 993 1086 1065 recipiendum
1109 992 1357 1063 estquod
1387 991 1611 1062 quisque
1634 1005 1754 1061 gcs-

177 1091 304 1145 serit
336 1099 456 1142 ante
484 1095 734 1141 mortem.
771 1085 973 1140 Vcrum-
992 1084 1107 1139 lucc
1136 1083 1206 1138 ita
1235 1083 1460 1138 solvitur
1486 1081 1712 1154 qu:ustio
1732 1122 1746 1146 ,

180 1179 417 1250 quoniam
438 1176 668 1248 quodam
700 1175 821 1230 vitae
845 1190 1040 1246 genere
1063 1175 1378 1245 acquiritur,
1413 1173 1536 1229 dum
1571 1174 1621 1227 in
1651 1173 1752 1228 hoc

183 1284 393 1341 corpore
433 1269 650 1333 vivitur,
684 1275 740 1322 ut
781 1265 978 1338 aliquid
1021 1266 1272 1336 adjuvent
1312 1267 1411 1321 ista
1439 1265 1747 1332 defunctos;

185 1378 240 1417 ac
265 1377 354 1432 per
381 1360 477 1414 hoc
513 1358 808 1414 secundum
848 1373 909 1412 ea
931 1374 1049 1428 qua:
1076 1373 1174 1428 per
1211 1372 1407 1426 corpus
1433 1367 1710 1428 gesserunt
1732 1399 1747 1423 ,

185 1453 256 1508 eis
276 1468 384 1522 qua:
415 1461 532 1520 post
568 1465 761 1519 corpus
789 1449 1034 1518 religiose
1061 1463 1158 1517 pro
1187 1448 1291 1502 illis
1332 1447 1467 1502 facta
1515 1447 1746 1515 fuerint,

176 1543 497 1612 aijnvantur.
544 1540 682 1596 Sunt
709 1541 852 1595 enim
896 1553 1030 1610 quos
1079 1539 1208 1593 nihil
1251 1539 1469 1593 omniuo
1498 1538 1750 1608 adjuvant

161 1635 293 1698 ista;
323 1633 436 1687 sive
465 1648 560 1702 pro
604 1632 684 1686 eis
726 1631 884 1695 ﬁant,
919 1647 1143 1700 quorum
1178 1639 1282 1684 tam
1315 1632 1450 1684 mala
1482 1639 1606 1685 sunt
1633 1647 1747 1685 me-

141 1727 290 1792 rita,
321 1737 382 1780 ut
422 1741 595 1794 neque
640 1723 832 1778 talibus
873 1721 1018 1794 digni
1062 1723 1169 1777 sint
1206 1723 1480 1793 adjuvari;
1509 1723 1620 1776 sive
1653 1737 1746 1792 pro

32 1867 34 1872 .
132 1822 259 1883 eis,
294 1835 522 1890 quorum
557 1829 662 1872 tam
690 1818 858 1883 bona,
889 1827 945 1870 ut
977 1815 1173 1870 talibus
1215 1831 1318 1869 non
1349 1815 1621 1886 indigeant
1650 1815 1744 1869 ad-

35 1903 44 1908 .
133 1913 429 1983 jumentis.
469 1911 682 1966 Cenere
727 1909 884 1979 igitur
926 1908 1047 1962 vita:
1072 1947 1087 1970 ,
1131 1908 1271 1977 quod
1319 1907 1482 1978 gessit
1523 1907 1747 1977 quisque

136 2020 241 2073 per
265 2019 476 2072 corpus
498 2044 510 2065 ,
537 2001 765 2055 efﬁcitur
794 2009 850 2055 ut
876 2000 1080 2070 prosint
1107 1999 1189 2054 vel
1215 2016 1319 2053 non
1345 1999 1562 2069 prosint,
1597 2015 1745 2069 qua:-

134 2110 388 2163 enmque
411 2109 505 2163 pro
534 2093 623 2146 illo
647 2093 730 2161 pie
758 2092 908 2156 ﬁunt,
931 2106 1050 2145 cum
1074 2091 1344 2160 reliquerit
1369 2106 1582 2160 corpus.
1613 2090 1742 2145 Nam

135 2186 406 2240 meritum
440 2199 534 2254 per
561 2183 701 2254 quod
733 2183 832 2238 ista
863 2183 1100 2253 prosint,
1132 2183 1176 2236 si
1221 2182 1421 2236 nullum
1465 2197 1745 2251 compara-

135 2289 250 2332 tum
272 2287 371 2332 est
395 2278 446 2332 in
471 2276 571 2331 hac
593 2276 699 2330 vita
717 2318 732 2342 ,
762 2273 952 2332 frustm
975 2276 1231 2344 quaeritur
1255 2283 1373 2344 post
1395 2274 1533 2330 hanc
1556 2276 1741 2330 vitam.

136 2369 212 2422 Ita
240 2368 306 2422 ﬁt
339 2379 401 2421 ut
429 2382 600 2438 neque
628 2367 856 2421 inaniter
883 2366 1118 2421 Ecclesia
1149 2365 1230 2420 vel
1252 2380 1468 2420 suorum
1499 2381 1623 2421 cura
1649 2381 1744 2436 pro

134 2459 451 2526 defunctis,
497 2457 640 2528 quod
687 2457 916 2528 potuerit
969 2457 1240 2528 religionis
1267 2460 1292 2489 "
1348 2458 1652 2528 impendat;
1681 2468 1736 2514 et

53 2589 56 2592 -
136 2561 325 2604 tamen
350 2548 493 2604 ferat
513 2549 872 2618 unusquisque
891 2547 1185 2604 secundum
1211 2563 1273 2604 ea
1295 2564 1413 2619 qua:
1436 2564 1531 2619 per
1550 2565 1744 2620 corpus

13 2636 42 2715 ξ’
136 2644 354 2715 gessit,
385 2643 501 2699 sive
549 2640 747 2696 bonum
792 2641 904 2696 sive
950 2640 1185 2708 malum,
1213 2640 1471 2697 reddente
1517 2642 1743 2696 Domino

38 2755 68 2807 ·’,·
139 2737 438 2807 unicuique
481 2735 773 2791 secundum
814 2749 978 2805 opera
1012 2734 1150 2805 ejus.
1182 2734 1254 2791 Ut
1292 2735 1433 2790 enim
1472 2735 1573 2790 hoc
1601 2736 1742 2806 quod

141 2828 698 2900 iutpenditur,.possit
739 2827 791 2883 ei
841 2826 1096 2898 prodesse
1146 2835 1264 2897 post
1317 2842 1542 2898 corpus,
1576 2829 1626 2882 in
1678 2842 1740 2884 ea

143 2922 262 2975 vita
276 2920 604 2990 acquisitum
633 2927 746 2984 est,
777 2933 936 2989 quam
966 2918 1133 2988 gessit
1157 2917 1211 2972 in
1237 2933 1483 2988 corpore.

213 3013 271 3068 3.
311 3011 537 3067 Poterat
580 3009 908 3080 inquisitioni
955 3017 1058 3063 tuze
1107 3007 1358 3064 sufﬁcere
1403 3023 1520 3063 mea
1565 3007 1742 3064 brevis

147 3105 245 3158 ista
272 3101 595 3173 responsio;
624 3100 718 3157 sed
738 3116 859 3172 qua:
877 3099 980 3154 alia
1006 3108 1272 3165 moveant,
1298 3099 1490 3169 quibus
1517 3115 1742 3169 respou-
1790 3146 1797 3152 .

59 3257 62 3262 1
149 3195 390 3250 dandum
415 3193 661 3249 existimo
681 3234 694 3258 ,
729 3207 1014 3263 parumper
1046 3190 1284 3247 attende.
1328 3190 1382 3246 lu
1411 3191 1743 3248 Machabteo-

23 3347 30 3354 ,
61 3321 74 3342 .-
152 3302 271 3342 rum
314 3284 470 3340 libris
509 3283 735 3354 legimus
773 3283 1006 3337 oblatum
1051 3297 1147 3352 pro
1175 3282 1397 3337 mortuis
1421 3282 1738 3337 sacriﬁcium

73 3409 76 3414 -
153 3377 227 3446 (ιι
249 3376 496 3430 καεικώ.
527 3390 601 3429 xu
621 3416 636 3441 ,
667 3374 782 3444 b5).
811 3373 918 3430 Sed
944 3374 1062 3430 etsi
1091 3389 1350 3446 nusquam
1381 3377 1430 3428 iu
1456 3375 1742 3445 Scripturis

155 3467 430 3526 veteribus
453 3465 668 3522 omnino
715 3466 1001 3536 legeretur,
1044 3480 1149 3520 non
1183 3481 1342 3536 parva
1371 3474 1453 3521 est
1483 3466 1740 3522 universa:

59 3549 62 3554 ’
160 3560 569 3629 Εαιοεὶω,ᾳιιω
599 3559 653 3613 in
683 3558 782 3613 hac
801 3557 1186 3614 consuetudine
1211 3558 1376 3612 claret
1395 3559 1737 3624 auctoritas’,

163 3656 248 3710 ubi
279 3655 332 3710 in
349 3654 596 3724 precibus
634 3650 926 3707 sacerdotis
969 3667 1088 3722 qum
1132 3651 1356 3706 Domino
1396 3651 1505 3705 Deo
1529 3651 1594 3707 ad
1625 3655 1742 3721 ejus

163 3750 326 3804 altare
376 3745 664 3801 funduntur
688 3785 704 3809 ,
749 3744 924 3799 locum
975 3757 1130 3798 suum
1179 3741 1340 3798 habet
1387 3743 1543 3797 etiam
1591 3758 1740 3798 com-

163 3839 432 3896 mendatio
458 3846 813 3893 mortuorum.

227 3929 458 3987 CAPUT
498 3929 561 3986 Il.
591 3959 661 3969 —
687 3927 821 3995 Quid
848 3927 1075 3996 conferat
1115 3928 1274 3981 Itonos
1302 3927 1594 3996 sepultum.
1640 3926 1739 3982 Se-

163 4024 370 4095 pultum
400 4036 666 4086 corporum
691 4017 992 4073 Christianis
1008 4018 1051 4072 si
1077 4017 1228 4086 fuerit
1255 4025 1457 4087 negata,
1478 4017 1605 4070 nihil
1625 4015 1740 4069 adi-

162 4118 269 4171 mit.
316 4113 422 4170 Sed
452 4122 628 4168 utrum
674 4109 874 4181 aliquid
923 4109 1092 4179 prosit
1118 4109 1312 4163 anima:
1359 4109 1550 4162 mortui
1594 4109 1742 4164 locus

163 4205 412 4276 corporis
427 4203 508 4258 sui
531 4243 544 4266 ,
579 4201 855 4271 operosius
876 4198 1250 4269 inquirendum
1278 4206 1381 4254 est.
1413 4200 1487 4252 Ac
1513 4200 1740 4267 primum

165 4310 340 4354 utrum
372 4296 580 4351 intersit
607 4292 808 4363 aliquid
850 4291 915 4346 ad
960 4290 1292 4346 inferendam
1322 4290 1403 4344 vel
1447 4289 1741 4360 augendam

165 4390 430 4447 miseriam
454 4395 572 4458 post
601 4387 736 4440 hanc
765 4386 924 4440 vitam
954 4382 1227 4453 spiritibus
1254 4381 1525 4436 hominum
1543 4384 1629 4447 ,.si
1652 4397 1741 4437 eo-

165 4497 282 4537 rum
306 4494 526 4549 corpora
553 4477 884 4547 sepultanon
911 4474 1105 4528 fuerint
1123 4515 1140 4538 ,
1172 4487 1286 4527 non
1307 4472 1601 4528 secundum
1623 4473 1741 4542 opi-

165 4575 380 4627 nionem
421 4577 705 4638 utcumque
752 4566 1047 4636 vulgatam,
1077 4563 1172 4618 sed
1224 4563 1398 4633 potius
1450 4563 1740 4618 secundum

167 4660 433 4732 religionis
454 4668 649 4714 nostra:
675 4670 854 4711 sacras
877 4655 1106 4710 Litteras
1131 4663 1211 4708 est
1233 4653 1537 4707 videndum.
1562 4653 1744 4722 Neque

165 4754 309 4810 enim
353 4749 676 4805 credendum
721 4747 995 4813 est,..sicut
1037 4743 1178 4813 apud
1217 4743 1484 4799 Maronem
1530 4744 1737 4813 legitur,

168 4843 458 4914 insepultos
472 4857 502 4895 a
523 4837 819 4910 navigando
835 4845 992 4907 atque
1016 4833 1336 4890 transeundo
1359 4834 1566 4890 inferno
1583 4850 1742 4890 amue

167 4933 435 5008 prohiberi
459 4931 622 5002 :quia
649 4929 850 4984 scilicet

288 5033 383 5074 Nec
401 5025 532 5086 ripas
552 5021 692 5071 datur
704 5018 999 5086 horrendas,
1025 5029 1121 5086 n__e_c
1142 5028 1286 5065 rauca
1297 5015 1492 5086 ﬂuenta

288 5077 630 5148 mnsportare
646 5083 795 5146 prius,
814 5093 957 5148 quam
972 5079 1292 5148 sedibuspssa
1307 5077 1554 5148 quiquia:

901 5138 1108 5202 (amid.
1135 5137 1218 5188 lib.
1241 5139 1288 5196 6,
1312 5136 1383 5187 ύυ.
1409 5136 1518 5197 527,
1542 5136 1679 5198 sas.)

169 5232 300 5302 Quis
323 5244 416 5285 cor
442 5227 790 5284 christianum
835 5224 1054 5279 inclinet
1095 5220 1176 5276 his
1219 5221 1436 5291 poeticis
1465 5219 1742 5274 fabulosis-

173 5339 272 5397 que
298 5319 586 5392 ﬁgmentis,
615 5332 736 5372 cum
766 5314 1018 5370 Dominus
1040 5311 1222 5376 Jesus,
1253 5321 1308 5365 ut
1332 5311 1472 5364 inter
1498 5310 1739 5364 inimico-

237 5439 252 5469 ί
282 5436 350 5484 sic
369 5441 471 5481 Mss.
499 5437 553 5480 At
575 5428 802 5479 editi‘boc
825 5425 948 5483 loco,
972 5425 1149 5486 referat
1178 5435 1196 5472 :
1219 5425 1298 5484 qui
1319 5429 1479 5471 tamen
1495 5420 1740 5470 iul‘raeum

177 5508 274 5552 us.
306 5495 499 5552 habent,
524 5497 570 5541 et
599 5498 758 5555 tamen
789 5490 929 5551 ﬂerat.
975 5545 1004 5555 Η
1041 5545 1053 5555 _

236 5545 256 5592 ἶ
285 5545 409 5606 tinus
444 5545 746 5604 e't‘aticanis
762 5545 888 5606 Mssa,
914 5545 1082 5608 religio
1097 5559 1197 5595 aus.
1295 5604 1305 5615 .
1588 5612 1596 5615 _
1654 5605 1682 5615 η

237 5624 256 5654 ³
285 5604 520 5668 tilitiones
536 5615 642 5662 uad.
672 5623 766 5660 Am.
795 5619 845 5659 et
869 5604 962 5664 Fr,
987 5604 1078 5656 non
1101 5620 1249 5668 parra
1287 5604 1377 5654 lmr
1408 5605 1741 5658 rntsttt‘lruliue

180 5686 312 5736 claret
331 5675 584 5731 auctoritas
615 5673 998 5725 :reluctautibus
1020 5676 1123 5718 Mss.
1161 5677 1216 5717 et.
1234 5675 1338 5716 Lov.

1602 238 1804 295 LIBER
1844 224 2044 299 unus.

3351 260 3459 320 594

1871 368 1988 410 rum
2016 371 2233 424 manus,
2263 362 2352 432 qui
2395 378 2578 420 eorum
2621 381 2847 438 corpora
2892 369 2942 424 in
2992 379 3254 440 potestate
3277 372 3444 431 habe.

1869 456 2019 514 rent,
2050 452 2223 506 securi
2269 455 2648 512 oceumbcrent
2695 460 3017 528 Christiani,
3049 478 3147 519 nec
3194 466 3443 536 capillum

1867 539 2056 610 capitis
2101 559 2285 599 eorum
2333 557 2539 602 asserat
2584 550 2910 620 periturum,
2939 555 3229 610 exhortans
3269 573 3336 611 ne
3375 557 3438 611 ti-

1863 642 2048 688 meant
2070 649 2166 690 eos
2203 637 2292 706 qui
2341 653 2460 692 cum
2501 655 2696 710 corpus
2734 642 3056 710 occiderint,
3085 645 3312 714 amplius
3342 663 3445 702 non

1864 722 2063 780 habent
2089 727 2216 797 quid
2249 729 2477 784 faciant?
2506 731 2654 787 Unde
2688 733 2738 786 iu
2771 734 2940 803 primo
2969 734 3104 789 libro
3128 735 3194 790 de
3220 734 3444 793 Civitate

1864 816 1959 872 Dei
1988 820 2117 874 satis
2136 861 2151 885 ,
2181 832 2432 890 quantum
2459 826 2735 892 existimo,
2768 843 2886 882 sum
2917 828 3124 884 locutus
3144 871 3158 894 ,
3182 839 3240 884 ut
3259 845 3444 886 eorum

1863 907 2078 964 dentem
2106 913 2443 968 retunderem
2461 957 2476 982 ,
2501 917 2589 984 qui
2615 917 2942 972 barbaricam
2965 919 3288 984 vastitatem,
3312 938 3446 992 praes

1860 1000 2014 1070 cipue
2059 1019 2214 1072 quam
2266 1021 2436 1074 nuper
2479 1006 2646 1061 Roma
2699 1023 2950 1078 perpessa
2988 1018 3107 1076 est,
3139 1011 3445 1067 ehristiauis

1862 1093 2187 1162 temporibus
2215 1095 2558 1164 imputando,
2591 1098 2748 1152 etiam
2780 1098 2831 1152 id
2853 1099 3129 1168 objiciunt,
3162 1101 3304 1171 quod
3333 1102 3443 1157 suis

1859 1180 1968 1236 illic
1995 1199 2099 1240 non
2128 1183 2436 1240 subvenerit
2461 1185 2724 1241 Christus.
2754 1188 2957 1255 Quibus
2980 1205 3101 1244 cum
3128 1207 3442 1260 responsum

1857 1273 2013 1329 fuerit
2032 1275 2236 1330 animas
2251 1277 2478 1332 ﬁdelium
2498 1294 2592 1349 pro
2606 1279 2723 1333 ﬁdei
2739 1296 2848 1334 suae
2867 1281 3071 1335 meritis
3087 1281 3262 1335 abillo
3280 1283 3442 1339 fuisse

1857 1377 2146 1436 susceptas,
2177 1368 2432 1424 insultant
2460 1369 2527 1425 de
2551 1370 2896 1426 cadaveribus
2913 1371 3214 1441 insepultis.
3247 1373 3439 1428 Totum

1858 1458 2031 1527 itaque
2047 1459 2202 1513 istum
2218 1460 2282 1514 de
2297 1463 2568 1530 sepultura
2583 1463 2754 1516 locum
2768 1464 2943 1518 verbis
2957 1464 3148 1520 talibus
3159 1441 3440 1535 explicavi.

1926 1549 1979 1602 4.
2017 1568 2035 1600 ‹
2071 1550 2140 1602 At
2167 1551 2308 1604 enim
2334 1552 2386 1605 in
2414 1560 2556 1606 tanta
2581 1593 2595 1618 ,
2626 1553 2839 1622 inquam
2863 1595 2878 1618 ,
2907 1563 3084 1625 strage
3113 1555 3432 1610 cadaverum

1855 1654 1953 1693 nec
1981 1640 2192 1708 sepeliri
2219 1643 2544 1710 potuerunt?
2570 1643 2752 1713 Neque
2773 1643 2911 1698 istud
2943 1645 3026 1714 pia
3056 1645 3187 1701 ﬁdes
3218 1646 3437 1703 nimium

1851 1731 2194 1798 reformidat,
2226 1742 2412 1790 tenens
2452 1735 2792 1805 praedictum,
2825 1751 2923 1791 nec
2965 1737 3304 1794 absumentes
3347 1739 3438 1794 be-

1853 1823 1983 1877 stias
2009 1825 2392 1879 resurrecturis
2422 1827 2735 1894 corporibus
2763 1826 3069 1892 obfuturas,
3098 1837 3437 1897 quorum’ca«

1853 1913 2010 1984 pilius
2037 1916 2226 1984 capitis
2253 1931 2356 1970 non
2387 1918 2596 1986 peribit.
2628 1917 2736 1972 Nec
2771 1918 2878 1972 ullo
2904 1918 3066 1973 modo
3100 1919 3304 1974 diceret
3332 1920 3438 1974 Ve-

1851 2007 1980 2061 ritas
2001 2049 2016 2074 ,
2042 2007 2218 2062 Nolite
2244 2009 2416 2062 timere
2441 2026 2524 2063 eos
2566 2011 2654 2080 qui
2691 2027 2876 2080 corpus
2919 2011 3154 2064 occidunt
3173 2052 3187 2076 ,
3215 2012 3437 2064 animam

1850 2107 2019 2151 autent
2044 2115 2143 2152 non
2167 2111 2374 2169 possunt
2400 2101 2624 2154 occidere
2640 2118 2659 2166 ;
2695 2102 2737 2155 si
2765 2101 3053 2171 quidquam
3079 2102 3293 2158 obesset
3313 2103 3436 2158 vitae

1851 2187 2041 2243 futura:
2065 2189 2318 2260 quidquid
2347 2191 2544 2245 inimici
2575 2191 2642 2246 de
2667 2193 2984 2261 corporibus
3013 2193 3320 2248 occisorum
3351 2194 3434 2248 fa-

1849 2296 1974 2337 cere
2001 2283 2312 2338 voluissent.
2337 2283 2444 2347 Nisi
2477 2283 2612 2339 forte
2634 2284 2897 2354 quispiam
2926 2285 3005 2340 sic
3034 2285 3295 2340 absurdus
3319 2295 3400 2340 est
3417 2329 3430 2353 ,

1849 2381 1906 2426 ut
1927 2372 2213 2428 contendat
2237 2388 2330 2428 eos
2359 2375 2448 2444 qui
2479 2389 2674 2444 corpus
2701 2375 2972 2442 occidunt,
3003 2391 3107 2430 non
3139 2377 3337 2432 debere
3363 2377 3434 2431 ti-

1849 2464 1979 2518 meri
1997 2472 2118 2520 ante
2137 2475 2384 2532 mortem,
2405 2483 2470 2521 ne
2490 2482 2684 2536 corpus
2696 2467 2960 2534 occidant;
2979 2477 3033 2522 et
3051 2468 3220 2522 timeri
3239 2467 3434 2523 debere

1849 2562 1967 2624 post
1995 2563 2219 2609 mortem
2242 2597 2257 2622 ,
2290 2571 2356 2610 ne
2377 2571 2571 2625 corpus
2595 2557 2829 2610 occisum
2858 2557 3070 2626 sepeliri
3103 2571 3207 2611 non
3232 2557 3428 2612 sinant.

1849 2642 2062 2698 Falsum
2089 2653 2172 2699 est
2197 2659 2324 2715 ergo
2359 2645 2498 2715 quod
2541 2646 2616 2700 ait
2639 2645 2885 2702 Christus
2905 2686 2919 2712 ,
2958 2646 3060 2712 Qui
3086 2663 3271 2718 corpus
3299 2649 3434 2700 occi-

1846 2735 2008 2803 dunt,
2063 2746 2108 2790 et
2147 2746 2317 2808 postea
2360 2754 2461 2792 non
2502 2738 2683 2792 habent
2728 2740 2850 2808 quid
2893 2739 3085 2808 faciant
3117 2739 3326 2808 (Matth.
3359 2757 3426 2801 χ.

1802 2818 1807 2823 ί
1845 2827 1936 2894 28,
1958 2828 2055 2895 50;
2086 2828 2209 2883 Luc.
2240 2845 2333 2892 xu,
2357 2830 2410 2896 4,
2440 2827 2531 2900 7);
2563 2831 2606 2883 si
2635 2829 2834 2884 habent
2862 2837 3005 2884 tanta
3031 2845 3150 2900 qua:
3174 2829 3241 2885 de
3267 2828 3429 2884 cada-

1848 2920 2061 2974 veribus
2111 2918 2347 2974 faciant?
2391 2919 2544 2974 Absit
2587 2929 2644 2974 ut
2691 2919 2883 2973 falsum
2917 2907 2997 2973 ‘sit
3038 2918 3181 2989 quod
3225 2918 3430 2974 Veritas

1846 3009 1998 3064 dixit.
2033 3011 2236 3065 Dictum
2278 3018 2361 3065 est
2398 3011 2540 3066 enim
2571 3009 2769 3079 aliquid
2798 3023 2894 3064 eos
2918 3008 3096 3064 facere
3133 3025 3253 3065 cum
3281 3010 3429 3065 occi-

1846 3100 2006 3168 dunt,
2038 3100 2161 3170 quia
2205 3100 2259 3155 in
2288 3115 2512 3171 corpore
2551 3114 2740 3155 scusus
2777 3109 2856 3155 est
2884 3098 3211 3160 occidendo;
3245 3111 3429 3170 postea

1846 3209 1974 3248 vero
1995 3193 2122 3248 nihil
2149 3192 2346 3248 habere
2373 3193 2513 3263 quod
2546 3191 2758 3258 faciant,
2790 3193 2911 3262 quia
2933 3191 3109 3248 nullus
3131 3207 3322 3248 sensus
3347 3201 3428 3247 est

1847 3286 1900 3340 in
1944 3301 2166 3355 corpore
2197 3285 2395 3340 occiso.
2438 3285 2597 3340 Multa
2627 3285 2804 3354 itaque
2830 3299 3056 3356 corpora
3093 3284 3430 3341 Christiano-

1847 3393 1962 3433 rum
1993 3387 2131 3433 terra
2158 3393 2263 3432 non
2305 3377 2472 3432 texit:
2516 3376 2608 3433 sed
2642 3377 2843 3431 nullum
2875 3391 3060 3432 eorum
3090 3377 3370 3448 quisquam
3397 3393 3430 3432 a

1846 3469 1984 3524 coalo
2013 3477 2066 3522 ct
2095 3478 2237 3523 terra
2265 3469 2562 3538 separavit,
2595 3483 2752 3537 quam
2783 3476 2946 3523 totam
2986 3467 3168 3538 implet
3198 3483 3432 3538 prtesen-

1848 3561 1916 3615 tia
1942 3559 2046 3624 sui,
2076 3559 2164 3629 qui
2196 3558 2342 3613 novit
2364 3558 2502 3613 unde
2531 3559 2808 3625 resuscitet
2829 3557 2970 3628 quod
2991 3558 3209 3614 creavit.
3229 3559 3431 3614 Dicitur

1845 3652 2060 3723 quidem
2093 3653 2144 3706 in
2171 3652 2383 3707 Psalmo
2403 3693 2418 3718 ,
2446 3651 2734 3707 Posuerunt
2768 3652 3003 3706 mortalia
3027 3669 3282 3708 servorum
3311 3663 3428 3708 tuo-

1845 3760 2144 3798 rumescam
2179 3743 2466 3797 volatilibus
2505 3742 2646 3810 caeli,
2693 3759 2869 3798 carnes
2911 3753 3199 3799 sanctorum
3227 3755 3430 3800 tuorum

1845 3837 2013 3891 bestiis
2060 3846 2206 3891 terrae
2236 3851 2255 3890 :
2279 3836 2564 3903 e/Iuderunt
2613 3837 2908 3907 sanguinem
2962 3853 3136 3891 eorum
3185 3846 3425 3906 tanquam

1843 3947 2029 4000 aquam
2065 3930 2119 3983 in
2157 3929 2369 3982 circuitu
2406 3927 2727 3992 Jerusalem,
2755 3938 2800 3982 et
2830 3944 2930 3982 non
2954 3938 3060 3982 erat
3086 3929 3172 3997 qui
3195 3929 3430 3998 sepeliret

1846 4020 2017 4094 (Psal.
2063 4034 2291 4084 vavul,
2320 4017 2385 4081 2,
2419 4019 2504 4087 5);
2538 4017 2641 4072 sed
2680 4018 2849 4088 magis
2891 4017 2957 4071 ad
3002 4018 3424 4087 exaggerandam

1845 4110 2210 4167 crudelitatem
2237 4124 2420 4164 eorum
2451 4109 2539 4177 qui
2569 4108 2667 4161 ista
2701 4106 2975 4173 fecerunt,
3006 4121 3113 4160 non
3140 4105 3206 4160 ad
3237 4121 3422 4160 eorum

1845 4200 2208 4256 infelicitatem
2251 4199 2341 4268 qui
2385 4199 2484 4252 ista
2531 4196 2766 4266 perpessi
2809 4205 2950 4251 sunt.
2994 4196 3247 4264 Quamvis
3283 4196 3425 4250 enim

1845 4294 1960 4349 lucc
1989 4293 2040 4347 in
2085 4299 2374 4362 conspectu
2416 4289 2688 4345 hominum
2721 4288 2850 4344 dura
2887 4296 2941 4342 ct
2964 4288 3078 4343 dira
3121 4287 3423 4353 videantur,

1843 4385 1937 4440 sed
1969 4384 2186 4454 pretiosa
2211 4385 2264 4437 in
2300 4391 2568 4452 conspectu
2601 4380 2802 4435 Domini
2839 4396 2974 4434 mors
3007 4388 3293 4434 sanctorum
3317 4378 3426 4448 ejus

1844 4475 2014 4544 (Psat.
2037 4490 2159 4541 cxv,
2193 4473 2301 4546 15).
2347 4472 2577 4528 Proinde
2608 4471 2705 4526 ista
2744 4471 2956 4538 omnia,
2985 4469 3038 4525 id
3077 4479 3195 4536 est,
3221 4472 3426 4524 curatio

1847 4565 2074 4630 funeris,
2130 4564 2364 4619 conditio
2407 4564 2723 4632 sepulturaz,
2771 4577 2962 4632 pompa
3016 4560 3424 4630 exsequiarum,

1845 4654 2012 4725 magis
2042 4662 2164 4707 sunt
2190 4652 2426 4707 vivorum
2470 4651 2688 4717 solatia,
2717 4665 2876 4719 quam
2917 4648 3151 4704 subsidia
3189 4659 3426 4703 mortuo-

1845 4763 1984 4805 rum,
2027 4745 2081 4801 Si
2128 4743 2325 4813 aliquid
2378 4741 2593 4812 prodest
2639 4739 2802 4810 impio
2841 4739 3111 4808 sepultura
3156 4739 3424 4809 pretiosa,

1843 4839 2017 4895 oberit
2047 4837 2133 4907 pio
2155 4837 2274 4890 vilis
2299 4843 2390 4889 aut
2412 4833 2574 4886 nulla.
2599 4831 2890 4886 Praeclarus
2911 4831 3189 4901 exsequias
3221 4831 3270 4884 in
3296 4846 3427 4885 con-

1843 4939 2026 5000 spectu
2071 4927 2342 4982 hominum
2371 4932 2662 4996 purpurato
2702 4909 2800 4977 illi.
2823 4923 2970 4978 diviti
3001 4923 3152 4978 turba
3182 4923 3427 4978 exhibuit

1847 5020 2159 5076 famulorum
2188 5033 2201 5069 :
2230 5015 2324 5071 sed
2348 5015 2511 5070 multo
2541 5015 2794 5070 clariores
2820 5015 2874 5068 in
2897 5023 3185 5084 conspectu
3215 5014 3423 5069 Domini

1845 5111 2088 5165 ulceroso
2112 5108 2182 5162 illi
2207 5106 2421 5178 pauperi
2439 5106 2787 5160 ministerium
2809 5105 3036 5176 praebuit
3060 5105 3420 5176 Angelorum;

1844 5205 1932 5270 qui
1959 5214 2079 5253 eum
2103 5213 2206 5252 non
2227 5196 2533 5252 extulerunt
2554 5196 2989 5250 in-marmorcum
3018 5196 3300 5259 tumulum,
3327 5194 3422 5248 sed

1845 5294 1895 5348 iu
1929 5291 2155 5347 Abraha:
2194 5289 2454 5360 gremium
2500 5287 2835 5342 sustulerunt
2871 5286 3021 5357 (Luc.
3057 5302 3180 5352 xvi,
3211 5284 3419 5354 ill-22).

1846 5384 2039 5440 Rident
2071 5384 2184 5437 hare
2223 5379 2332 5446 illi,
2361 5387 2543 5434 contra
2577 5394 2711 5449 quos
2751 5377 3140 5434 defendendam
3181 5377 3422 5442 suscepi-

1845 5492 1962 5530 mus
2003 5472 2280 5528 Civitatem
2332 5471 2852 5525 Deizverumtamen
2899 5468 3186 5536 sepultura:
3232 5481 3415 5520 curam

1846 5567 2003 5620 etiam
2028 5579 2210 5619 eorum
2237 5559 2533 5632 philoSOphi
2564 5566 3025 5625 contempserunt;
3053 5565 3106 5611 et
3130 5571 3270 5626 sa‘pe
3299 5558 3388 5609 uni
3409 5587 3421 5598 -

1853 5658 1987 5715 versi
2017 5656 2279 5712 exercitus
2301 5696 2314 5721 ,
2349 5653 2472 5707 dum
2503 5666 2595 5720 pro
2625 5658 2832 5704 terrena
2869 5649 3034 5718 patria
3063 5656 3438 5714 morerentur,
