3860 6284
530 288 636 344 595

529 400 619 457 ubi
664 409 847 471 postea
879 401 1147 473 iacerent,
1178 404 1259 459 vel
1288 406 1477 476 quibus
1516 406 1699 461 bestiis
1727 421 1848 461 esca
1883 402 2071 461 fierent
2092 446 2107 470 ,

529 510 638 553 non
675 496 1031 565 curaverunt;
1060 498 1312 570 licuitque
1344 499 1513 571 poetis
1544 498 1611 555 de
1648 498 1747 554 hac
1777 514 1833 553 re
1860 498 2118 569 plausibi-

528 588 652 645 liter
677 588 858 646 dicere
877 632 891 657 ,

740 701 868 754 Οωιο
890 703 1091 766 tegitur,
1117 705 1200 767 qui
1219 718 1312 754 non
1346 705 1495 753 habet
1516 718 1689 754 urnam
1712 704 1805 768 (a).

528 815 731 879 quanto
749 806 925 862 minus
952 806 1146 862 debent
1187 807 1256 862 de
1285 808 1601 877 corporibus
1626 809 1906 880 insepultis
1949 811 2115 866 insul-

528 906 644 955 tare
685 897 1030 963 Christianis,
1081 898 1274 967 quibus
1316 908 1368 954 et
1422 899 1587 970 ipsius
1627 901 1802 955 carnis
1850 901 2115 957 membro-

528 1007 753 1062 rumque
780 991 1016 1046 omnium
1062 990 1405 1059 reformatio,
1451 1006 1557 1047 non
1601 993 1772 1047 solum
1818 1010 1882 1049 ex
1936 1002 2111 1063 terra,

528 1094 715 1142 verum
757 1086 917 1141 etiam
955 1101 1019 1140 ex
1058 1086 1283 1140 aliorum
1322 1087 1705 1142 elementorum
1752 1089 2116 1145 secretissima

532 1177 652 1234 sinu
672 1218 687 1244 ,
715 1192 825 1249 quo
848 1163 1050 1247 dilapsa
1075 1177 1333 1233 cadavera
1365 1188 1698 1235 recesserunt
1719 1222 1733 1246 ,
1777 1182 1828 1234 in
1862 1182 2115 1250 temporis

532 1276 732 1338 puncto
755 1267 1023 1324 reddenda
1050 1277 1105 1324 et
1129 1269 1532 1341 redintegranda
1564 1271 1924 1341 promittitur?
1957 1292 1976 1324 ι

599 1360 827 1418 CAPUT
855 1360 939 1415 lli.
959 1392 1030 1401 —
1050 1362 1103 1420 5.
1136 1360 1351 1416 Funeris
1392 1372 1439 1418 et
1486 1364 1759 1434 sepultura
1802 1381 1925 1418 cura
1962 1381 2117 1431 quare

530 1450 824 1507 laudabilis.
851 1470 869 1504 ι
894 1451 1002 1508 Nec
1018 1452 1136 1508 ideo
1153 1462 1328 1509 tamen
1346 1453 1733 1509 contemnenda
1750 1455 2113 1524 etabjicienda

530 1553 655 1599 sunt
680 1558 905 1615 corpora
930 1544 1298 1601 defunctorum
1322 1589 1337 1608 ,
1371 1546 1706 1617 maximeque
1740 1548 2004 1617 justornm
2053 1564 2115 1604 ac

529 1632 762 1690 ﬁdelium
784 1675 798 1700 ,
826 1633 1017 1704 quibus
1048 1643 1295 1706 tanquam
1324 1636 1537 1705 organis
1569 1647 1621 1691 et
1652 1637 1792 1691 vasis
1830 1637 1894 1691 ad
1936 1638 2112 1692 omnia

529 1725 665 1780 bona
687 1740 847 1795 opera
876 1733 1061 1783 sancte
1086 1742 1214 1782 usus
1235 1736 1316 1781 est
1340 1728 1558 1796 Spiritus
1581 1730 1619 1782 ³.
1644 1729 1699 1783 Si
1720 1730 1860 1784 enim
1890 1740 2112 1801 paterna

528 1817 692 1872 vestis
716 1827 771 1873 et
789 1819 1041 1883 annulus,
1074 1834 1137 1874 ac
1167 1819 1211 1874 si
1238 1819 1365 1889 quid
1408 1820 1711 1890 bujusmodi
1733 1862 1746 1883 ,
1800 1830 1945 1876 tanto
1988 1822 2113 1876 cha-

532 1913 641 1963 rlus
668 1916 752 1965 est
779 1910 1039 1979 posteris.
1071 1921 1272 1981 quanto
1308 1926 1432 1982 erga
1480 1922 1727 1981 parentes
1774 1915 1944 1984 major
1987 1914 2116 1969 atre-

528 2008 684 2065 ctus;
713 2001 860 2055 nullo
890 2000 1050 2057 modo
1084 2002 1196 2073 ipsa
1223 2004 1523 2073 Spernenda
1552 2013 1675 2059 sunt
1721 2021 1967 2075 corpora,
1997 2025 2116 2077 qua:

531 2090 713 2162 utique
763 2092 929 2148 multo
977 2090 1289 2149 ﬁtmiliarins
1338 2104 1495 2164 atque
1539 2096 1902 2166 conjunctius,
1956 2116 2114 2169 quam

528 2182 777 2251 quaalibet
801 2183 1106 2245 indumenta
1132 2176 1421 2256 gestamus.
1453 2187 1575 2241 llaec
1600 2189 1743 2243 enim
1772 2206 1874 2245 non
1918 2191 1984 2246 ad
2022 2208 2112 2247 οι·-

531 2281 837 2327 nomentum
862 2273 942 2330 vel
973 2274 1314 2343 adjutorium,
1358 2277 1497 2347 quod
1547 2278 1828 2335 adhibetur
1856 2282 2118 2338 cxtrinse-
2178 2320 2187 2330 ι

531 2378 647 2429 cus,
681 2364 771 2417 sed
804 2363 868 2418 ad
911 2365 1077 2433 ipsam
1113 2375 1353 2420 naturam
1383 2367 1616 2423 hominis
1648 2371 1932 2438 pertinent.
1966 2371 2117 2429 Unde

534 2466 588 2510 et
615 2455 951 2525 antiquorum
974 2455 1238 2524 iustorum
1282 2460 1461 2513 funera
1503 2459 1741 2515 officiosa
1776 2463 1973 2532 pietate
2022 2480 2116 2520 cu-

534 2557 646 2601 rata
673 2557 817 2612 sunt,
841 2558 896 2603 et
923 2549 1190 2618 exsequi-.0
1220 2549 1502 2605 celebratae
1528 2593 1541 2617 ,
1588 2560 1642 2606 et
1685 2554 1954 2623 sepultura
1985 2571 2113 2626 pro-

532 2642 644 2695 visa
670 2659 683 2694 :
708 2641 909 2712 ipsique
939 2658 1058 2698 cum
1085 2644 1355 2710 viverent,
1387 2645 1454 2700 de
1481 2648 1822 2716 sepeliendis,
1850 2650 1932 2705 vel
1956 2650 2116 2706 etiam

535 2728 914 2787 transferendis
938 2734 1049 2789 suis
1076 2734 1388 2805 corporibus
1411 2735 1530 2791 filiis
1559 2738 1942 2795 mandaverunt
1960 2739 2113 2812 (Gen.

535 2837 684 2887 mn,
716 2838 845 2889 xxv,
901 2824 955 2889 9,
1004 2824 1089 2887 10,
1139 2834 1185 2878 et
1237 2842 1401 2890 xm",
1447 2828 1558 2900 '50).
1605 2829 1668 2882 Et
1709 2830 2119 2903 Tobias'sepc-

532 2912 709 2967 liendo
739 2922 979 2971 mortuos
1009 2915 1173 2970 Deum
1207 2918 1585 2986 promeruisse,
1608 2930 1751 2977 teste
1774 2924 1962 2993 angelo
1977 2939 2119 2980 com-

536 3002 815 3058 mendatur
843 3003 991 3075 (Tob.
1022 3021 1079 3070 tt,
1109 3006 1162 3070 9,
1188 3016 1233 3061 et
1276 3023 1367 3076 xu,
1405 3009 1516 3081 12).
1552 3010 1666 3080 Ipse
1691 3028 1900 3095 quoque
1931 3014 2116 3070 Domi-

535 3110 636 3150 nus
661 3095 748 3152 die
773 3098 929 3153 tertio
956 3110 1349 3157 resurrecturus
1375 3103 1637 3174 religiosae
1660 3106 1895 3161 mulieris
1917 3108 2116 3165 bonum

534 3202 668 3257 opus
713 3188 984 3257 praedicat,
1018 3191 1519 3263 praedicandumque
1561 3196 1933 3264 commendat,
1975 3199 2120 3268 quod

533 3287 857 3345 unguentum
887 3281 1176 3348 pretiosum
1211 3297 1372 3352 super
1397 3284 1633 3340 membra
1677 3287 1796 3355 ejus
1846 3287 2114 3350 cll‘uderit.

535 3376 692 3437 atque
718 3367 820 3423 hoc
846 3370 913 3424 ad
938 3386 1059 3426 cum
1095 3373 1462 3442 sepeliendum
1491 3375 1672 3431 fecerit
1720 3375 1930 3450 (Matth.
1965 3396 2113 3448 xxvi,

535 3457 691 3529 7-15)
716 3475 730 3511 :
760 3468 814 3514 et
840 3460 1175 3518 laudabiliter
1203 3477 1691 3521 commemorantur
1714 3467 1767 3521 in
1807 3469 2113 3541 Evangelio,

533 3548 625 3617 qui
650 3560 844 3617 corpus
869 3548 984 3620 ejus
1012 3550 1079 3607 de
1100 3567 1258 3609 cruce
1287 3566 1560 3624 acceptum
1581 3597 1597 3623 ,
1648 3556 1937 3628 diligenter
1958 3569 2116 3632 atque

534 3638 825 3696 honorifice
853 3641 1136 3711 tegendum
1161 3644 1630 3717 sepeliendumque
1649 3660 1905 3705 curarunt
1929 3650 2109 3722 (Joan.

533 3746 642 3795 xu,
674 3730 788 3802 38).
810 3732 1004 3789 Verum
1028 3734 1143 3790 ista:
1163 3736 1503 3792 auctoritates
1531 3755 1637 3794 non
1666 3739 1767 3797 hoc
1798 3741 2109 3809 admonent,

533 3821 673 3892 quod
702 3822 828 3878 insit
849 3823 986 3879 ullus
1017 3824 1362 3882 cadaveribus
1391 3842 1610 3896 sensus;
1645 3831 1740 3888 sed
1769 3833 1836 3889 ad
1862 3833 1959 3889 Dei
1986 3849 2115 3904 pro-

533 3913 819 3970 videntiam
869 3914 975 3987 (cui
1023 3916 1234 3986 placent
1281 3918 1442 3973 etiam
1486 3921 1610 3975 talia
1654 3922 1863 3992 pietatis
1913 3923 2111 3999 officia)

531 4018 755 4075 corpora
802 4020 1015 4076 quoque
1065 4018 1398 4064 mortuorum
1461 4012 1729 4079 pertinere
1773 4014 2108 4084 significant,

531 4103 749 4165 propter
773 4095 931 4153 fidem
958 4099 1369 4157 resurrectionis
1388 4103 1748 4158 astruendam.
1782 4104 1883 4161 Ubi
1909 4117 1963 4162 et
1983 4108 2111 4164 illud

530 4187 813 4245 salubriter
833 4188 1077 4258 discitur,
1126 4201 1320 4261 quanta
1368 4194 1537 4263 possit
1577 4210 1698 4251 esse
1746 4199 2113 4257 remuneratio

532 4293 629 4347 pro
657 4277 1040 4350 eleemosynis,
1068 4296 1201 4350 quas
1235 4282 1530 4339 viventibus
1556 4294 1606 4339 et
1635 4287 1988 4343 sentientibus
2014 4305 2112 4345 ex-

532 4367 794 4433 hibemus,
825 4368 872 4423 si
900 4384 1073 4439 neque
1098 4369 1197 4426 hoc
1223 4371 1363 4441 apud
1393 4372 1558 4428 Deum
1584 4376 1740 4445 perit,
1762 4377 1902 4448 quod
1925 4382 2111 4436 exani-

532 4462 633 4516 mis
660 4460 933 4516 hominum
965 4463 1219 4519 membris
1244 4463 1403 4520 officii
1432 4465 1825 4539 diligentiaeque
1851 4473 2114 4541 persolvi-

532 4564 635 4609 tur.
666 4552 802 4610 Sunt
839 4553 1053 4624 quidem
1093 4562 1150 4611 et
1184 4555 1289 4613 alia
1325 4572 1444 4626 qua:
1476 4558 1645 4613 sancti
1675 4559 1997 4618 Patriam-ba:
2044 4564 2111 4622 de

530 4644 843 4713 corporibus
869 4644 982 4699 suis
1011 4643 1094 4699 vel
1130 4644 1420 4705 condendis
1462 4647 1546 4702 vel
1580 4649 1957 4706 transferendis
1984 4668 2113 4722 pro-

530 4734 739 4804 phetico
766 4735 956 4806 spiritu
982 4734 1119 4792 dicta
1154 4736 1381 4808 intelligi
1409 4738 1690 4799 voluerunt
1744 4740 1895 4812 (Gen.
1940 4758 2106 4813 nvu,

529 4823 618 4888 50,
649 4836 694 4878 et
716 4841 768 4891 ι,
796 4824 928 4897 24);
974 4842 1078 4883 non
1109 4836 1286 4885 autem
1318 4829 1406 4884 hic
1444 4829 1595 4886 locus
1623 4840 1702 4886 est
1733 4840 1789 4887 ut
1811 4847 1876 4888 ea
1907 4844 2109 4904 pertra-

528 4923 736 4970 ciemus
755 4955 770 4980 ,
803 4926 923 4971 cum
949 4917 1212 4975 sufficiant
1250 4920 1352 4975 ista
1381 4935 1500 4990 quae
1528 4919 1779 4976 diximus.
1818 4921 1926 4980 Sed
1955 4924 2000 4979 si
2045 4941 2110 4982 ea

529 5021 648 5076 quae
695 5008 1054 5063 sustentandis
1098 5010 1397 5066 viventibus
1433 5020 1557 5066 sunt
1596 5014 1928 5082 necessaria,
1973 5016 2112 5072 sicut

527 5100 701 5154 victus
726 5107 781 5154 et
805 5100 1050 5165 amictus,
1080 5102 1322 5171 quamvis
1345 5118 1465 5158 eum
1512 5105 1659 5181 gravi
1699 5106 1987 5164 afflictione
2007 5108 2105 5165 de-

528 5190 655 5255 sint,
686 5204 790 5244 non
823 5188 1066 5260 frangunt
1105 5190 1159 5246 in
1200 5191 1352 5248 bonis
1396 5192 1702 5265 perferendi
1744 5198 2107 5269 tolerandique

532 5284 793 5347 virtutem,
820 5297 920 5338 nec
946 5283 1216 5340 eradicant
1239 5299 1305 5341 ex
1332 5286 1513 5343 animo
1538 5288 1808 5356 pietatem,
1835 5290 1931 5347 sed
1947 5307 2107 5347 exer-

525 5374 739 5430 citatam
766 5373 787 5406 ³
836 5374 1031 5430 faciunt
1076 5374 1473 5443 fecundiorem;
1521 5388 1719 5449 quanto
1771 5381 1938 5451 magis
1980 5397 2103 5439 eum

589 5490 605 5555 ξ
641 5488 715 5555 sic
732 5495 837 5555 Mss.
865 5496 920 5555 At
943 5488 1090 5547 editi,
1111 5494 1302 5555 sanctus
1326 5503 1438 5541 usus
1459 5496 1528 5543 est
1544 5488 1764 5555 Spiritus-

588 5551 607 5579 θ
640 5554 696 5613 1ηΔ
715 5551 923 5613 antiquis
937 5558 1072 5613 Mss,
1094 5551 1241 5613 Tobis.

588 5612 608 5641 ³
641 5610 789 5676 militi,
830 5609 1107 5676 egrot'totam.
1134 5610 1303 5676 Melius
1322 5619 1452 5673 Mss,
1488 5613 1833 5676 exercitatmn;
1878 5623 1927 5666 et
1962 5617 2031 5666 sic
2056 5619 2104 5667 in

526 5670 648 5732 libro
665 5670 818 5732 primo
837 5673 901 5722 de
921 5674 1119 5723 Civitate
1144 5675 1248 5722 Dei.

587 5731 662 5791 la)
678 5736 908 5795 Lucanus,
928 5735 976 5783 in
1001 5734 1084 5783 lib.
1103 5736 1152 5796 7,
1176 5749 1222 5786 v.
1241 5733 1353 5796 819,
1370 5734 1615 5788 deoccisis
1637 5736 1899 5789 Pharsalica
1924 5752 2098 5801 pugna.

1344 292 1432 348 DE
1471 255 1654 349 cuna
1696 292 1829 347 uno
1869 284 2166 348 MORTUIS
2203 282 2556 363 causam,
2593 295 2649 352 s.
2686 295 3050 355 Aecusm't
3142 274 3157 281 ’
3675 314 3751 372 ωδ

2223 406 2417 462 desunt
2449 423 2510 464 ea
2546 425 2662 480 qutc
2688 413 2937 467 curandis
2967 403 3246 472 funeribus
3274 398 3645 494 condendisque
3662 443 3755 483 cor-

2224 500 2442 568 poribus
2488 500 2858 558 defunctorum
2902 506 3140 562 adhiberi
3180 511 3390 580 solent,
3423 529 3523 569 non
3562 516 3754 578 efﬁciunt

2223 588 2448 645 miseros
2466 634 2479 658 ,
2519 591 2570 645 in
2598 595 2820 649 occultis
2848 595 3053 666 piorum
3083 599 3305 656 sedibus
3332 601 3437 670 jam
3459 608 3682 674 quietos?
3702 614 3758 668 se

2222 695 2321 750 per
2350 680 2448 736 hoc
2473 725 2487 749 ,
2520 683 2733 755 quando
2759 686 2855 741 ista
2901 688 3254 746 cadaveribus
3298 690 3687 754 Christianorum
3719 703 3758 759 in
3790 692 3796 701 ’
3858 738 3860 759 ι

2223 774 2309 828 illa
2338 790 2544 846 magna:
2570 778 2715 833 urbis
2735 822 2747 844 ,
2778 781 2861 834 vel
2896 782 3057 837 etiam
3095 783 3330 839 alierum
3362 786 3657 857 oppidorum
3689 810 3759 868 ra:
3858 810 3860 851 ;

2222 866 2450 922 statione
2489 867 2793 938 defuerunt,
2825 886 2923 927 nec
2963 868 3203 930 vivorum
3238 876 3397 948 culpa
3424 890 3534 945 est,
3564 885 3641 952 qui
3680 866 3758 942 non

2225 962 2507 1026 potuerunt
2532 959 2630 1014 ista
2663 961 2931 1031 prmbere;
2977 976 3077 1020 nec
3121 977 3463 1024 mortuorum
3488 986 3628 1040 poena
3650 1019 3664 1041 ,
3689 982 3756 1047 qui

2223 1061 2327 1102 non
2358 1058 2642 1118 potuerunt
2684 1052 2781 1107 ista
2821 1055 3020 1111 sentire
3065 1054 3166 1131 (De
3205 1057 3426 1115 Civitate
3455 1061 3559 1127 Det,
3605 1067 3679 1120 lib.
3717 1070 3754 1137 l,

2221 1155 2371 1208 capp.
2405 1140 2471 1195 l2
2522 1151 2567 1196 et
2594 1141 2701 1214 15).
2739 1164 2757 1196 ι
2803 1144 2927 1200 H;cc
2962 1154 3043 1201 est
3087 1162 3203 1204 mea
3228 1149 3299 1205 de
3331 1153 3609 1222 sepulturae
3634 1172 3757 1214 causa

2221 1240 2379 1303 atque
2410 1236 2616 1292 ratione
2642 1239 2923 1293 sententia.
2949 1240 3117 1307 Quam
3145 1251 3431 1314 propterea
3454 1261 3518 1302 ex
3542 1249 3634 1305 alio
3658 1251 3762 1307 libro

2222 1339 2349 1379 meo
2370 1325 2420 1380 in
2452 1327 2610 1381 istum
2636 1330 2900 1397 transtuli,
2927 1333 3053 1402 quia
3073 1331 3287 1390 facilius
3318 1333 3422 1392 hoc
3446 1352 3475 1392 a
3510 1355 3589 1394 me
3610 1356 3761 1398 recen-

2221 1418 2324 1472 seri
2345 1419 2529 1487 potuit,
2556 1436 2711 1489 quam
2737 1422 2961 1493 idipsutn
2991 1426 3097 1480 alio
3123 1425 3290 1482 modo
3310 1429 3649 1501 eloquendum
3672 1434 3754 1490 fuit

2290 1509 2516 1567 CAPUT
2548 1512 2635 1568 IV.
2660 1545 2732 1556 --
2753 1515 2805 1569 6.
2838 1516 3135 1586 Sepultum
3158 1521 3305 1577 locus
3341 1536 3535 1579 mortuo
3576 1542 3665 1581 non
3694 1547 3763 1597 per

2221 1617 2274 1655 se
2293 1646 2305 1664 ,
2332 1602 2421 1657 sed
2445 1620 2532 1673 per
2552 1607 2861 1660 occasionem
2884 1609 3107 1678 prodest,
3134 1612 3263 1666 dum
3290 1614 3526 1670 admonet
3552 1627 3599 1670 ut
3625 1630 3760 1673 oretur

2222 1709 2313 1762 pro
2335 1692 2440 1746 illo.
2475 1693 2624 1759 Quod
2657 1696 2699 1750 si
2733 1713 2914 1751 verum
2953 1710 3033 1753 est
3056 1742 3068 1763 ,
3104 1702 3353 1771 profecto
3379 1707 3534 1761 etiam
3564 1711 3762 1777 provisus

2220 1783 2542 1852 sepeliendis
2569 1788 2881 1858 corporibus
2906 1791 3043 1858 apud
3076 1795 3371 1849 memorias
3392 1807 3672 1854 sanctorum
3698 1803 3761 1855 lo-

2220 1890 2314 1929 cus
2334 1917 2349 1941 ,
2375 1875 2528 1930 bona:
2566 1875 2860 1933 affectionis
2891 1879 3136 1938 humana:
3171 1893 3258 1940 est
3304 1901 3430 1958 erga
3473 1887 3639 1945 funera
3663 1907 3760 1946 suo.

2221 1979 2374 2018 rum:
2406 1966 2655 2035 quoniam
2683 1969 2726 2022 si
2749 1971 3003 2025 nonnulla
3033 1974 3227 2044 religio
3253 1986 3341 2031 est
3380 1986 3436 2033 ut
3460 1980 3757 2048 sepeliantur,

2221 2071 2328 2111 non
2349 2067 2524 2127 potest
2553 2058 2697 2113 nulla
2723 2073 2841 2116 esse
2867 2061 3078 2130 quando
3110 2065 3200 2119 ubi
3220 2067 3547 2137 sepeliantur
3568 2074 3757 2127 attendi-

2224 2156 2324 2202 tur.
2359 2148 2464 2204 Sed
2489 2164 2608 2205 cum
2639 2150 2759 2205 talia
2788 2153 3031 2209 vivorum
3077 2157 3270 2212 solatia
3307 2161 3649 2230 requiruntur,
3673 2165 3762 2233 qui-

2223 2239 2320 2296 bus
2346 2256 2529 2295 eornm
2557 2240 2674 2312 pius
2701 2242 2753 2297 in
2790 2256 2916 2298 suos
2947 2246 3157 2302 animus
3188 2258 3484 2320 appareat,
3515 2266 3610 2306 non
3637 2252 3758 2308 video

2222 2347 2340 2401 qtue
2365 2340 2489 2387 sunt
2518 2333 2824 2403 adjumenta
2853 2335 3190 2393 mortuorum
3213 2381 3229 2406 ,
3262 2340 3365 2395 nisi
3380 2340 3451 2414 ad
3478 2339 3573 2396 hoc
3596 2351 3645 2397 ut
3662 2341 3757 2397 dum

2223 2422 2464 2478 recolunt
2491 2422 2581 2477 ubi
2609 2424 2717 2478 sint
2743 2424 2912 2494 posita
2936 2440 3120 2481 eorum
3147 2444 3288 2499 quos
3314 2428 3536 2502 diligunt
3557 2447 3756 2503 carpam,

2221 2513 2421 2569 eisdem
2447 2517 2643 2571 sanctis
2663 2517 2783 2572 illos
2807 2526 3054 2590 tanquam
3085 2522 3330 2590 patronis
3360 2533 3622 2593 susceptos
3643 2524 3750 2593 apud

2225 2603 2505 2660 Dominum
2553 2604 2881 2677 adjuvandus
2940 2610 3147 2666 orando
3201 2610 3592 2670 commendent.
3640 2614 3755 2682 Quod

2221 2695 2434 2766 quidem
2454 2695 2630 2753 facere
2659 2710 2907 2769 possent,
2941 2701 3149 2757 etiamsi
3192 2702 3396 2759 talibus
3421 2704 3548 2760 locis
3580 2719 3659 2760 eos
3681 2705 3755 2759 hu-

2223 2802 2369 2846 mare
2399 2805 2502 2847 non
2526 2801 2760 2861 possent.
2790 2790 2895 2849 Sed
2924 2794 3031 2849 non
3056 2794 3125 2852 ob
3151 2795 3298 2851 aliud
3326 2797 3409 2852 vel
3438 2794 3676 2853 Memoria:
3694 2796 3753 2853 vel

2222 2879 2559 2937 Monumenta
2589 2880 2837 2937 dicuntur
2865 2900 2926 2939 ea
2948 2900 3065 2954 quso
3086 2882 3342 2958 insignita
3370 2888 3386 2919 ¹
3414 2886 3751 2958 fitintsepolcra

2225 2983 2585 3041 mortuorum,
2616 2974 2717 3029 nisi
2745 2975 2862 3044 quia
2888 2989 2983 3031 eos
3004 2976 3091 3046 qui
3120 2977 3416 3034 viventium
3438 2978 3599 3034 oculis
3617 2987 3749 3033 morte

2222 3064 2472 3120 subtracti
2505 3075 2658 3130 sunt,
2688 3080 2755 3120 ne
2783 3066 3052 3124 oblivione
3089 3069 3253 3126 etiam
3293 3068 3539 3126 cordibus
3580 3070 3746 3125 subtra-

2221 3153 2434 3221 hantur,
2476 3156 2528 3209 in
2577 3158 2883 3212 memoriam
2912 3168 3200 3227 ret'ocant,‘
3245 3166 3302 3218 et
3351 3158 3663 3217 admonendo
3684 3158 3745 3212 fa-

2220 3245 2369 3300 ciunt
2397 3246 2617 3318 cogitari
2644 3267 2657 3301 :
2684 3264 2804 3303 nam
2835 3258 2887 3305 ct
2912 3244 3182 3307 Memoria:
3222 3267 3419 3309 nomen
3447 3251 3497 3308 id
3523 3247 3748 3322 apertissi-

2220 3350 2307 3392 me
2328 3337 2591 3406 ostendit,
2623 3347 2677 3394 et
2702 3336 3096 3396 Monumentum
3128 3357 3195 3397 eo
3227 3342 3372 3415 quod
3416 3350 3748 3398 moneatmcn-

2225 3439 2331 3485 tem
2352 3471 2368 3496 ,
2391 3430 2441 3485 id
2472 3439 2582 3498 est,
2632 3429 2949 3499 admoneat,
2995 3445 3354 3515 nuncupatur.
3380 3430 3609 3511 Propter
3638 3426 3747 3499 quid

2219 3532 2273 3579 et
2300 3523 2468 3580 (ἓνωοὶ
2484 3540 2705 3592 μνημεῖον
2722 3535 2931 3593 vocant,
2962 3526 3105 3597 quod
3130 3541 3231 3584 nos
3264 3526 3559 3583 Memoriam
3574 3538 3653 3580 seu
3665 3519 3747 3575 ilo-

2220 3623 2527 3669 numentum
2555 3615 2917 3685 appellamus;
2960 3615 3211 3687 quoniam
3238 3619 3416 3688 lingua
3456 3616 3624 3671 eorum
3658 3623 3744 3665 me-

2221 3707 2387 3762 moria
2416 3705 2528 3777 ipsa
2553 3720 2653 3777 qua
2679 3707 3016 3762 meminimus
3039 3716 3203 3776 μνήμη
3218 3708 3434 3765 dicitur.
3456 3708 3579 3763 Cum
3608 3704 3745 3772 itaque

2220 3796 2408 3852 recolit
2436 3796 2645 3851 animus
2670 3796 2757 3851 ubi
2783 3801 3046 3868 sepultum
3074 3799 3144 3853 sit
3173 3786 3472 3854 cliarissimi
3500 3802 3681 3865 corpus.
3702 3796 3743 3845 ei

2220 3889 2452 3943 occurrit
2481 3887 2630 3943 locus
2678 3889 2892 3943 nomine
2944 3890 3194 3961 martyris
3236 3888 3563 3949 venerabilis,
3604 3881 3740 3939 eidem

2220 3976 2436 4049 martyri
2466 3977 2695 4031 animam
2732 3976 2981 4033 dilectam
3022 3979 3364 4036 commendat
3390 3971 3737 4033 recordantiset
3766 3969 3775 3979 '

2221 4073 2484 4143 precantis
2508 4071 2747 4128 ali'ectus.
2778 4071 2878 4139 Qui
2906 4088 3027 4128 cum
3052 4073 3319 4131 defunctis
3345 4089 3374 4129 a
3402 4070 3623 4129 fidelibus
3639 4065 3739 4123 cha-

2218 4163 2445 4219 rissimis
2473 4162 2773 4229 exhibetur,
2806 4178 2928 4218 cum
2958 4165 3216 4235 prodesse
3240 4180 3347 4221 non
3374 4163 3576 4220 dubium
3597 4156 3664 4214 εει
3686 4154 3735 4208 iis

2217 4257 2444 4330 quicum
2475 4256 2525 4310 in
2556 4268 2778 4326 carpere
2802 4256 3074 4324 viverent,
3107 4258 3229 4313 talia
3274 4258 3372 4315 sibi
3401 4261 3516 4328 post
3543 4251 3658 4306 hanc
3679 4244 3737 4297 vi-

2219 4363 2324 4406 tam
2349 4349 2602 4423 prodesse
2624 4361 2952 4406 meruerunt.
2978 4349 3172 4407 Verum
3199 4362 3253 4408 et
3278 4353 3323 4408 si
3349 4351 3513 4421 aliqua
3543 4337 3733 4439 necetsi:

2219 4451 2298 4497 tas
2326 4442 2408 4497 vel
2450 4440 2653 4496 humari
2696 4450 2943 4512 cerpora,
2969 4444 3050 4497 vel
3094 4444 3146 4498 in
3188 4443 3382 4499 talibus
3422 4438 3545 4495 locis
3570 4435 3731 4489 humari

2216 4534 2360 4590 nulla
2387 4534 2505 4589 data
2537 4533 2782 4591 facultate
2810 4536 3114 4607 permittat,
3148 4552 3254 4592 non
3306 4541 3427 4590 sunt
3467 4521 3731 4617 praetermit-

2219 4623 2389 4679 tendae
2449 4625 2859 4694 supplicationes
2922 4642 3018 4696 pro
3079 4627 3354 4696 Spiritibus
3415 4620 3730 4678 mortuorum:

2215 4730 2347 4786 quas
2378 4713 2642 4769 faciendas
2666 4728 2761 4784 pro
2788 4715 3034 4772 euntibus
3061 4719 3119 4771 in
3140 4717 3422 4773 christiana
3439 4720 3488 4767 et
3511 4700 3723 4764 catholici

2215 4806 2466 4862 societate
2502 4804 2767 4861 defunctis
2816 4807 2979 4861 etiam
3032 4807 3210 4863 tacitis
3258 4802 3545 4862 nominibus
3582 4800 3725 4850 eorum

2214 4897 2313 4952 sub
2340 4896 2572 4968 generali
2609 4897 3114 4953 commemoratione
3154 4902 3384 4968 suscepit
3421 4885 3661 4949 Ecclesia;
3684 4882 3726 4930 1³⁸

2213 4989 2404 5059 quibus
2424 4988 2489 5043 ad
2525 4990 2624 5043 ista
2657 4989 2850 5043 desunt
2873 4997 3146 5059 parentes,
3177 5001 3268 5044 aut
3297 4987 3406 5051 ﬁlii,
3426 4984 3514 5038 aut
3535 4974 3727 5068 quid"?

2213 5096 2316 5151 que
2343 5080 2549 5152 cognati
2592 5081 2676 5136 vel
2724 5080 2901 5146 amici,
2953 5080 3020 5136 ab
3049 5097 3153 5137 una
3205 5082 3284 5137 eis
3323 5068 3721 5158 exhibeanturl‘”

2212 5182 2382 5227 matre
2407 5172 2695 5226 communi.
2725 5171 2779 5227 Si
2802 5174 2979 5226 autem
3009 5171 3261 5228 deessent
3288 5171 3395 5225 ista:
3428 5157 3715 5232 supplicatio-

2212 5276 2327 5327 nes,
2357 5277 2474 5333 qua:
2500 5263 2631 5317 fiunt
2655 5272 2799 5318 recta
2830 5262 2934 5318 fide
2953 5278 3016 5317 ac
3043 5264 3240 5333 pietate
3262 5274 3359 5334 pro
3383 5249 3601 5348 πηοηυξῇ

2210 5352 2349 5423 (ιιιοά
2394 5352 2522 5407 nihil
2553 5353 2831 5424 prodesset
2870 5352 3144 5423 spiritibus
3189 5366 3371 5410 eorum
3399 5336 3710 5417 quamlibet“

2211 5443 2342 5499 locis
2364 5445 2566 5499 sanctis
2593 5446 2838 5500 exanima
2864 5460 3089 5515 corpora
3117 5441 3449 5517 pon'erentur.

2280 5535 2507 5593 csrur
2556 5536 2621 5592 v.
2647 5567 2717 5577 —
2744 5538 2797 5593 7.
2837 5537 3005 5593 Locus
3050 5516 3140 5608 per
3187 5536 3480 5594 οααςεοηωη
3517 5516 3706 5595 φαίη

2277 5742 2292 5773 ι
2329 5740 2551 5803 Plerique
2574 5747 2698 5802 Mss,
2725 5738 2993 5805 insigniter.-
3023 5739 3102 5792 Αιίὶ
3125 5741 3328 5807 quidam,
3351 5725 3560 5795 ὺτείρνιίίθθ
