3860 6284
110 298 208 357 5'97
1488 290 1689 344 LIBER
1727 290 1922 346 UNUS.

111 414 261 484 prosit.
286 409 413 484 Cum
465 424 598 480 ergo
641 410 807 464 ﬁdelis
846 416 1014 462 mater
1056 406 1227 460 fidelis
1274 407 1365 460 ﬁlii
1413 404 1647 460 defuncti

107 518 275 573 corpus
300 500 624 556 desideravit
645 500 698 554 in
727 499 938 553 basilica
963 498 1212 568 martyris
1254 497 1376 566 poni
1409 538 1422 561 ,
1452 496 1494 549 si
1542 495 1658 564 qui-

108 596 206 648 dem
227 591 436 646 credidit
464 591 583 660 ejus
612 589 840 645 animam
879 589 1086 644 meritis
1112 588 1358 657 martyris
1383 586 1620 656 adjuvari
1645 601 1658 649 ;

109 689 190 742 hoc
214 683 341 756 quod
364 685 434 738 ita
463 683 733 746 credidit,
780 683 1096 752 supplicatio
1137 681 1383 752 qumdam
1435 679 1568 744 fuit;
1607 687 1659 733 ct

109 781 200 832 hac
226 773 436 844 profuit,
470 774 514 828 si
543 774 674 843 quid
703 773 919 844 profuit.
954 773 1016 827 Et
1044 773 1187 841 quod
1215 771 1281 825 ad
1315 771 1453 826 idem
1480 770 1663 838 sepul-

107 883 226 924 crum
247 865 463 921 recurrit
482 865 690 928 animo,
715 873 768 919 et
797 864 960 918 ﬁlium
991 863 1236 933 precibus
1261 861 1428 930 magis
1466 860 1662 930 magis-

108 975 187 1029 que
229 955 598 1024 commendat;
654 955 870 1025 adjuvat
919 953 1159 1008 defuncti
1213 951 1500 1022 spiritum,
1551 964 1656 1003 non

109 1047 264 1102 mortui
283 1045 523 1114 corporis
552 1046 722 1110 locus,
749 1045 840 1099 sed
869 1061 932 1099 ex
963 1044 1063 1098 loci
1097 1043 1353 1098 memoria
1377 1043 1524 1096 vivus
1556 1056 1662 1094 ma-

109 1139 180 1192 tris
201 1137 425 1191 allectus.
476 1134 656 1189 Simul
687 1135 826 1189 cnim
865 1143 918 1189 et
947 1135 1068 1204 quis
1111 1142 1165 1187 et
1197 1133 1283 1187 cui
1311 1131 1658 1186 commcnda-

109 1231 205 1285 tus‘
229 1229 305 1292 sit,
339 1243 445 1282 non
484 1229 673 1298 utique
704 1226 1028 1280 infructuose
1077 1225 1379 1294 religiosam
1408 1231 1658 1278 mentem

111 1319 330 1390 precantis
356 1317 600 1388 attingit.
643 1317 773 1372 Nam
814 1326 868 1372 et
907 1325 1124 1370 orantes
1166 1315 1234 1370 de
1282 1315 1536 1369 membris
1576 1313 1658 1368 sui

112 1410 303 1480 corporis
329 1408 535 1464 faciunt
579 1409 724 1478 quod
769 1409 1190 1479 supplicantibus
1225 1406 1504 1477 congruit,
1537 1421 1658 1460 cum

117 1517 239 1573 genua
262 1501 462 1571 ﬁgunt,
494 1516 625 1555 cum
655 1500 948 1555 extendunt
979 1515 1187 1563 manus,
1229 1498 1310 1552 vel
1347 1499 1506 1552 etiam
1539 1511 1660 1566 prov

118 1603 372 1649 sternuntur
397 1595 540 1658 solo,
576 1595 715 1649 etsi
763 1594 886 1663 quid
932 1594 1072 1647 aliud
1107 1592 1385 1647 visibiliter
1429 1591 1654 1656 faciunt;

113 1687 302 1755 quamvis
323 1701 516 1740 eorum
550 1685 834 1739 invisibilis
871 1684 1114 1738 voluntas
1147 1693 1201 1738 et
1227 1683 1405 1738 cordis
1435 1682 1658 1736 intentio

111 1783 192 1838 Deo
212 1793 319 1836 nota
349 1783 448 1847 sit,
478 1797 587 1836 nec
617 1782 706 1835 ille
737 1780 967 1849 indigeat
997 1779 1078 1833 his
1104 1779 1334 1843 indiciis,
1369 1785 1424 1832 ut
1463 1777 1654 1830 Imma-

110 1889 184 1927 uus
214 1875 254 1928 ei
284 1872 551 1942 pandatur
588 1871 801 1924 animus
831 1889 842 1923 :
870 1868 964 1924 sed
1009 1869 1132 1923 hinc
1181 1869 1348 1938 magis
1376 1884 1434 1922 se
1481 1867 1654 1937 ipsum

107 1966 256 2018 excitat
275 1965 429 2017 homo
450 1963 518 2018 ad
552 1963 816 2017 ovandum
846 1961 1270 2030 gemendumque
1295 1958 1545 2012 humilius
1574 1964 1657 2010 at-

108 2073 185 2125 que
208 2055 502 2110 ferventius.
542 2054 611 2108 Et
658 2053 836 2106 nescio
877 2050 1175 2120 quomodo,
1225 2065 1345 2104 cum
1382 2048 1432 2102 hi
1480 2056 1654 2101 motus

106 2147 302 2215 corporis
336 2147 448 2201 ﬁeri
482 2146 589 2199 nisi
624 2141 769 2198 niotu
801 2142 961 2195 animi
1008 2139 1347 2210 prmcedente
1391 2152 1495 2192 non
1527 2150 1652 2206 pos-

108 2240 212 2297 sint.
236 2237 424 2292 eisdem
457 2249 658 2290 rursus
686 2234 924 2288 exterius
946 2232 1230 2286 visibiliter
1253 2230 1426 2294 factis,
1452 2229 1539 2283 ille
1569 2227 1654 2282 itt-

110 2331 236 2382 terior
275 2327 556 2383 invisibilis
611 2328 702 2398 qui
757 2342 851 2383 eos
895 2325 1020 2380 fecit
1046 2333 1392 2394 angetur:ac
1419 2336 1512 2390 per
1554 2320 1655 2374 hoc

109 2421 245 2475 cordis
266 2421 505 2483 ali‘cctus,
551 2420 644 2490 qui
693 2429 749 2473 ut
799 2418 990 2473 ﬁerent
1046 2417 1147 2470 ista
1202 2415 1497 2485 praecessit,
1531 2412 1654 2482 quia

107 2512 206 2566 facta
230 2523 341 2566 sunt
368 2512 596 2567 crescit.
650 2510 1028 2566 Verumtamen
1060 2508 1103 2562 si
1145 2524 1210 2562 eo
1238 2505 1399 2560 modo
1429 2505 1653 2574 quisque

108 2612 322 2669 teneatur,
353 2603 432 2658 vel
465 2603 638 2658 etiam
670 2603 876 2671 ligetur,
923 2609 980 2654 ut
1017 2600 1132 2654 haec
1162 2597 1228 2652 de
1258 2597 1368 2651 suis
1399 2593 1656 2650 membris

101 2690 236 2746 facere
258 2701 502 2762 nequeat,
543 2709 652 2746 non
680 2691 798 2746 ideo
824 2706 934 2745 non
978 2697 1100 2744 orat
1135 2688 1360 2742 interior
1383 2686 1570 2752 homo,
1600 2694 1654 2740 et

102 2793 194 2839 ante
214 2785 382 2840 oculos
403 2785 498 2840 Dei
549 2785 602 2838 in
633 2783 993 2839 secretissima
1031 2780 1214 2845 cubili,
1257 2779 1352 2834 ubi
1388 2791 1651 2848 compun-

103 2884 224 2942 gitur,
250 2878 537 2931 sternitur-
567 2875 644 2930 ιω
672 2877 977 2929 etiam-cum
1001 2873 1290 2943 plurimum
1319 2871 1528 2926 intersit
1563 2869 1652 2924 ubi

104 2975 224 3032 ponat
243 2983 426 3037 corpus
453 2968 668 3022 mortui
719 2966 822 3031 sui,
855 2964 946 3036 qui
995 2978 1091 3034 pro
1139 2963 1328 3034 Spiritu
1380 2963 1498 3032 ejus
1543 2963 1651 3016 Deo

104 3061 342 3128 supplicat,
380 3061 503 3130 quia
565 3067 621 3113 et
662 3055 971 3130 praecedens
1015 3053 1238 3109 aﬁ‘ectus
1280 3053 1456 3108 locum
1488 3050 1653 3123 elegit

106 3160 315 3217 sanctum,
336 3162 388 3206 et
408 3152 532 3206 illic
557 3165 782 3218 corpore
805 3148 979 3217 posito
1007 3145 1316 3201 recordatus
1344 3145 1493 3199 locus
1521 3157 1648 3198 san-

105 3250 189 3296 ctus
208 3258 313 3296 eum
337 3244 425 3313 qui
457 3248 823 3312 praecesserat
849 3246 1072 3294 renovat
1098 3247 1152 3292 et
1173 3246 1329 3307 auget
1349 3234 1602 3291 allectum
1635 3252 1648 3288 :

107 3343 240 3388 Iaincn
292 3335 499 3390 etiamsi
564 3350 666 3388 non
719 3334 912 3403 possit,
961 3333 1047 3386 ubi
1098 3330 1378 3400 religiosus
1400 3327 1649 3384 animus’

106 3423 262 3494 elegit,
316 3427 547 3480 humare
595 3439 753 3494 quem
809 3422 1010 3492 diligit,
1070 3423 1213 3476 nullo
1266 3421 1423 3475 modo
1491 3418 1650 3476 debet

107 3529 126 3564 a
163 3516 613 3586 supplicationibus
656 3515 968 3570 necessariis
1022 3515 1072 3568 in
1133 3514 1248 3584 ejus
1303 3512 1649 3567 commenda-

111 3604 215 3658 tione
231 3622 445 3662 cessare.
476 3606 822 3675 Ubicumque
843 3606 985 3659 enim
1009 3605 1181 3674 jaceat
1205 3605 1287 3658 vel
1327 3619 1432 3657 non
1473 3603 1650 3672 jaceat

113 3694 288 3751 defuncti
327 3715 470 3763 caro,
529 3698 732 3767 spiritui
770 3697 981 3766 requies
1029 3693 1350 3766 acquirenda
1409 3702 1530 3748 est:
1560 3695 1649 3764 qui

113 3801 198 3840 tum
221 3789 326 3846 inde
353 3791 550 3855 exiret,
585 3805 766 3844 secum
806 3787 1024 3841 abstulit
1065 3801 1301 3852 sensum,
1332 3801 1436 3856 quo
1466 3786 1644 3840 inter-

113 3893 198 3932 esse
239 3884 387 3949 possit
413 3880 692 3954 quomodo
718 3880 942 3949 quisque
971 3879 1070 3944 sit,
1095 3879 1206 3932 sive
1238 3879 1288 3931 in
1321 3877 1496 3942 bonis,
1530 3879 1644 3931 sive

115 3969 150 4020 in
175 3973 338 4027 malis;
368 3991 467 4029 nec
501 3974 570 4028 ab
611 3987 672 4025 ea
714 3985 875 4025 carne
915 3975 1189 4039 eXSpcctat
1215 3969 1449 4038 adjuvari
1481 3968 1643 4021 vitam

115 4074 249 4126 suam,
277 4069 350 4118 cui
397 4063 830 4136 prmhebatjpse
870 4062 1052 4126 vitam,
1095 4075 1251 4130 quam
1295 4059 1526 4114 detraxit
1563 4074 1650 4113 cx-

116 4153 281 4217 t‘edcns,
311 4165 359 4212 et
379 4156 698 4214 redditurus
719 4165 798 4210 est
825 4155 1037 4210 rediens
1065 4171 1077 4216 ;
1106 4151 1356 4222 quoniam
1390 4165 1494 4206 non
1516 4165 1644 4205 caro

117 4245 306 4313 spiritui,
336 4249 426 4304 sed
475 4248 697 4316 spiritus
726 4247 873 4300 carni
899 4245 1062 4300 etiam
1093 4243 1259 4313 ipsius
1286 4241 1647 4296 resurrectio-

119 4335 178 4388 nis
212 4340 431 4394 meritum
493 4347 789 4407 comparat,
838 4347 1015 4390 utrum
1050 4336 1114 4389 ad
1175 4347 1423 4404 poenam,
1465 4345 1534 4386 an
1583 4330 1651 4385 ad

118 4425 288 4491 gloriam
309 4432 609 4484 reviviscat.

169 4516 355 4579 CAPUT
380 4513 545 4577 VL—
560 4522 612 4575 8.
635 4519 859 4588 Corpora
885 4529 1162 4587 martyrum
1183 4524 1380 4578 exusta,
1401 4523 1443 4568 et
1462 4515 1651 4568 cineres

125 4607 320 4666 Rhodano
343 4615 574 4684 inspersi.
614 4613 865 4681 Legimus
903 4611 952 4663 in
996 4606 1365 4662 Ecclesiastica
1396 4604 1647 4670 Historia,

122 4714 240 4766 quam
263 4721 418 4773 graece
450 4706 664 4775 scripsit
697 4703 974 4767 Eusebius,
1003 4709 1055 4755 et
1085 4700 1140 4754 in
1168 4699 1387 4752 latinam
1418 4697 1648 4766 linguam

125 4791 511 4861 n-rtitRufﬁnus,
543 4802 832 4864 martyrum
865 4807 1087 4859 corpora
1127 4790 1178 4844 in
1219 4789 1382 4844 Gallia
1428 4787 1648 4841 canibus

124 4886 647 4954 exposita,camnnque
667 4885 686 4915 ³
720 4884 966 4952 reliquias
987 4891 1144 4952 atque
1171 4895 1291 4937 ossa
1319 4889 1648 4933 mortuorum

127 4983 256 5040 usque
281 4977 337 5029 ad
362 4987 653 5032 extremam
695 4973 1152 5042 consumptionem
1194 4969 1403 5041 ignibus
1432 4983 1652 5024 concre-

125 5067 586 5137 Inata;cosdcmque
656 5066 860 5119 cineres
891 5061 1048 5116 liuvio
1081 5060 1358 5126 Rhodano,
1413 5073 1480 5114 ne
1523 5058 1647 5129 quid

127 5149 174 5202 ad
208 5159 482 5212 memoriam
513 5157 955 5227 qualemcumque
995 5153 1406 5223 relinqueretur,
1445 5151 1655 5220 insper-

127 5252 194 5292 sos
216 5242 296 5314 (α).
331 5249 471 5314 Quod
504 5263 610 5302 non
643 5245 711 5300 ob
735 5244 878 5298 aliud
909 5243 1227 5298 credendum
1269 5249 1350 5296 est
1391 5241 1647 5295 divinitus

175 5417 190 5485 ξ
217 5421 304 5468 Bal.
329 5431 416 5472 Am.
438 5432 532 5485 Er.,
557 5421 983 5485 enimnendandus.

174 5478 193 5546 ξ
216 5484 273 5530 Sic
292 5490 384 5534 Mss.
405 5478 674 5546 Editi'vcro,
700 5484 903 5535 amicus.

177 5537 194 5615 ξ
218 5546 607 5615 ιξηυβενδῑίοειιῃὶδ
632 5537 756 5605 ita”
782 5545 1108 5615 omniumque.
1147 5546 1314 5615 Caneri
1340 5544 1654 5615 eodiecsmao

130 5606 311 5715 ἔδιηεῖπέἐέιὶ
333 5616 379 5658 et
398 5613 579 5670 excusi,
608 5621 873 5672 crimenque
909 5606 1168 5670 reliquiis;
1214 5606 1261 5654 id
1297 5613 1390 5662 est,
1407 5607 1604 5655 relictas
1627 5619 1654 5654 a

178 5721 405 5788 (“librum
435 5733 823 5804 Lugdunensium
867 5738 1123 5794 martyrum
1168 5742 1368 5790 corpv‘ra
1413 5741 1501 5778 scx
1537 5728 1644 5778 dies

3247 301 3350 358 598

1773 404 1934 459 fuisse
1977 408 2291 476 permissum
2321 453 2332 472 ,
2381 411 2478 463 nisi
2532 421 2585 465 ut
2631 413 2896 467 discerent
2938 413 3259 481 Christiani,
3293 417 3345 472 in

1769 496 2072 551 conlitendo
2100 498 2393 564 Christum,
2435 502 2559 554 dum
2590 513 2934 560 contemnunt
2976 505 3111 561 hanc
3150 507 3308 562 vitam
3330 549 3347 575 ,

1770 590 1936 644 multo
1964 591 2130 660 magis
2156 600 2498 648 contemnere
2524 597 2868 663 sepu'turam.
2900 596 3011 652 Hoc
3036 597 3176 653 enim
3205 601 3347 669 quod

1769 681 1970 750 ingenti
2001 684 2200 736 sa:vitia
2232 683 2298 738 de
2330 687 2645 754 corporibus
2685 697 2974 760 martyrum
3008 689 3202 745 factum
3229 702 3342 760 est,

1767 774 1812 827 si
1843 775 1921 828 eis
1936 775 2219 845 quidquam
2247 787 2600 860 noceret,quo
2629 781 2803 834 minus
2833 780 2986 836 beate
3006 783 3021 813 ¹
3042 783 3346 853 requiesce-

1767 874 1886 918 rent
1915 881 2100 918 eorum
2136 866 2554 921 victoriosissimi
2587 869 2826 937 spiritus,
2871 886 2976 926 non
3021 873 3203 944 utique
3234 873 3347 930 ﬁeri

1766 955 2051 1010 sineretur.
2085 957 2162 1012 Re
2191 959 2300 1028 ipsa
2327 974 2452 1028 ergo
2481 959 2806 1016 declaratum
2835 974 2916 1018 est
2936 1006 2949 1029 ,
2977 981 3082 1019 non
3115 966 3234 1023 ideo
3268 967 3352 1022 di-

1764 1044 1907 1098 xisse
1939 1045 2238 1111 Dominum,
2271 1047 2444 1102 Nolite
2494 1051 2663 1104 timere
2730 1069 2812 1105 eos
2854 1055 2939 1124 qui
2983 1072 3165 1126 corpus
3216 1058 3352 1111 orci-

1763 1133 1909 1200 dtmt,
1932 1144 1980 1189 et
2004 1147 2174 1204 postea
2201 1155 2300 1190 non
2339 1138 2517 1192 habent
2559 1141 2680 1210 quid
2721 1143 2912 1214 faciant
2957 1143 3105 1212 (Luc.
3135 1162 3232 1210 xu,
3261 1147 3339 1218 εἰ),

1765 1228 1903 1296 quod
1953 1243 2055 1282 non
2099 1238 2241 1283 esset
2285 1233 2636 1299 permissurus
2675 1234 2869 1304 aliquid
2913 1251 3006 1291 eos
3055 1237 3230 1294 facere
3279 1241 3346 1295 de

1763 1331 1980 1372 suorum
2009 1320 2324 1388 corporibus
2351 1331 2681 1375 mortuormn
2705 1325 2724 1354 ²
2753 1341 2765 1376 :
2793 1325 2883 1380 sed
2913 1327 3163 1394 quoniam
3190 1328 3345 1398 quid-

1762 1408 1888 1479 quid
1933 1409 2104 1463 facere
2152 1412 2393 1478 permissi
2443 1422 2642 1475 essent,
2690 1413 2820 1468 nihil
2865 1432 2969 1483 quo
3016 1419 3347 1474 minueretur

1763 1498 2049 1553 christiana
2080 1499 2448 1556 defunctorum
2483 1502 2703 1556 felicitas
2732 1507 2901 1570 ﬁeret,
2945 1505 3075 1561 nihil
3116 1509 3239 1563 inde
3279 1509 3342 1564 ad

1761 1603 1974 1643 sensum
2017 1599 2134 1658 post
2165 1600 2387 1644 mortem
2423 1594 2716 1648 viventium
2751 1597 3084 1664 perveniret;
3117 1599 3247 1654 nihil
3276 1601 3343 1654 ad

1762 1679 2137 1734 detrimenlum
2167 1682 2354 1734 saltem
2399 1683 2631 1752 ipsorum
2674 1701 2980 1758 Corporum,
3021 1704 3127 1759 quo
3171 1690 3344 1744 minus

1763 1771 1963 1842 integra
1997 1781 2358 1841 resurgerem,
2391 1775 2697 1842 pertineret.

1832 1864 2056 1920 CAPUT
2116 1865 2224 1919 Vll.
2247 1897 2317 1906 —
2366 1867 2418 1921 9.
2468 1867 2601 1923 Cura
2627 1870 2899 1940 sepultura:
2923 1887 2984 1926 ea:
3011 1877 3230 1929 naturali
3259 1877 3343 1945 af-

1760 1956 1892 2025 fectu
1944 1972 2061 2027 erga
2100 1973 2302 2027 corpus.
2353 1959 2415 2011 Et
2447 1968 2621 2013 tamen
2663 1976 2729 2015 ex
2771 1961 2862 2015 illo
2902 1961 3119 2018 humani
3164 1966 3344 2021 cordis

1758 2045 1971 2113 affectu,
2000 2063 2105 2116 quo
2134 2064 2289 2102 nemo
2321 2065 2549 2118 unquam
2589 2067 2804 2106 carnem
2833 2069 2981 2106 suam
3023 2053 3146 2109 odio
3184 2055 3347 2112 habet

1765 2137 1977 2209 (Ep/tes.
2011 2155 2060 2203 v,
2093 2139 2224 2208 29),
2267 2140 2311 2194 si
2352 2150 2675 2210 cognoscant
2716 2144 2958 2200 homines
2988 2146 3182 2216 aliquid
3225 2158 3347 2219 post

1759 2237 1984 2283 mortem
2013 2245 2160 2283 suam
2175 2231 2283 2283 suis
2299 2233 2612 2301 corporibus
2637 2233 2938 2289 defuturum
2962 2237 3002 2300 ³,
3023 2236 3162 2306 quod
3181 2239 3234 2293 in
3251 2255 3343 2294 sua
3391 2261 3394 2263 ’

1759 2318 2014 2390 cujusque
2056 2329 2214 2390 gente
2259 2323 2338 2374 vel
2387 2324 2550 2390 patria
2597 2325 2766 2392 poscit
2807 2327 3117 2383 solemnitas
3161 2330 3346 2399 sepul-

1761 2421 1914 2478 turm,
1951 2413 2333 2466 contristantur
2360 2422 2413 2466 ut
2444 2412 2722 2479 homines;
2751 2426 2805 2470 et
2843 2418 2983 2487 quod
3013 2419 3078 2473 ad
3104 2435 3196 2475 cos
3227 2429 3347 2490 post

1759 2512 1987 2557 mortem
2010 2519 2116 2556 non
2145 2505 2392 2572 pertinet,
2412 2515 2534 2558 ante
2555 2516 2780 2560 mortem
2808 2510 2916 2563 suis
2940 2512 3252 2581 corporibus
3275 2515 3344 2567 ti-

1759 2604 1903 2651 ment
1919 2613 1931 2649 :
1950 2597 2019 2650 ita
2035 2596 2398 2650 utinveniatur
2413 2597 2462 2648 in
2485 2597 2784 2666 Regnorum
2802 2599 2950 2654 libris
2967 2601 3107 2655 Deus
3125 2618 3219 2672 per
3229 2619 3346 2673 pro-

1759 2685 1971 2756 phetam
1999 2686 2186 2740 minari
2213 2686 2360 2740 alteri
2387 2687 2674 2756 propheta‘,
2705 2689 2792 2757 qui
2831 2689 2946 2758 ejus
2982 2699 3346 2761 transgressus

1757 2784 1839 2830 est
1870 2777 2112 2844 verbum,
2136 2777 2276 2847 quod
2302 2793 2402 2830 non
2429 2777 2713 2833 inferretur
2729 2780 2955 2834 cadaver
2970 2783 3084 2852 ejus
3103 2783 3154 2836 in
3177 2785 3345 2853 sepul-

1757 2883 1903 2921 crum
1931 2876 2136 2938 patrum
2156 2869 2430 2938 ejus.Qum
2457 2869 2730 2939 Scriptura
2748 2872 2824 2924 sic
2842 2871 3001 2926 habet
3027 2892 3039 2927 :
3067 2872 3192 2928 llaec
3220 2876 3344 2932 dicit

1756 2957 2282 3027 Dominus,Quoniam
2303 2961 2584 3014 inoberliens
2607 2963 2747 3034 fuisti
2764 2963 2840 3016 ori
2856 2962 3078 3032 Domini,
3095 2977 3139 3020 et
3152 2985 3250 3022 non
3263 2986 3344 3023 cu-

1755 3052 1951 3106 stodisti
1969 3055 2257 3107 mandatum
2274 3055 2407 3124 quod
2427 3057 2663 3123 μγωεερὶι
2679 3055 2766 3109 tibi
2781 3054 3028 3111 Dominus
3052 3057 3184 3113 Deus
3205 3070 3341 3127 tuus,

1757 3141 1802 3198 et
1831 3161 2054 3198 reversus
2092 3161 2161 3210 es,
2191 3156 2236 3199 et
2273 3146 2530 3200 comedisti
2573 3165 2774 3217 panem,
2799 3159 2842 3201 et
2873 3149 3035 3203 bibisti
3071 3168 3253 3221 aquam
3290 3156 3344 3206 in

1757 3234 1866 3287 loco
1889 3234 1938 3288 in
1968 3251 2065 3304 quo
2107 3238 2342 3307 prtecepit
2370 3238 2456 3289 tibi
2505 3255 2565 3291 ne
2599 3241 2883 3292 comet/eras
2938 3258 3118 3310 panem
3141 3283 3154 3307 ,
3189 3260 3344 3311 neque

1757 3327 1943 3382 biberes
1967 3345 2170 3399 aquam,
2188 3345 2286 3382 non
2315 3330 2556 3399 inferetur
2578 3331 2792 3384 cadaver
2813 3343 2952 3384 tum»
2982 3334 3032 3385 in
3057 3333 3344 3403 sepulcrum

1757 3431 1958 3489 patrum
1983 3428 2180 3472 tuorum
2209 3419 2227 3491 (
2253 3419 2314 3472 III
2348 3421 2472 3490 Reg.
2506 3438 2594 3474 xm
2617 3466 2628 3485 ,
2657 3422 2715 3474 2|
2746 3433 2790 3475 et
2813 3422 2882 3475 ΞΕ).
2993 3425 3184 3492 Quanti
3231 3415 3369 3481 hmc‘

1757 3528 1913 3583 pmna
1947 3512 2222 3582 pendenda
2251 3514 2338 3575 sit,
2371 3515 2412 3565 si
2444 3515 2736 3567 secundum
2771 3515 3111 3586 livangelium
3143 3518 3344 3588 Cogite-

1758 3619 1897 3670 mus,
1931 3603 2019 3658 ubi
2053 3611 2172 3672 post
2199 3618 2390 3673 corpus
2421 3605 2653 3658 occisum
2686 3605 2816 3658 nillil
2857 3607 3196 3662 metuendum
3223 3624 3342 3663 esse

1756 3691 2041 3749 didicimus
2071 3710 2135 3749 ne
2168 3697 2403 3748 membra
2433 3698 2676 3750 exanima
2726 3698 3010 3766 patiantur,
3046 3715 3143 3754 nec
3188 3715 3340 3769 pmna

1755 3785 1978 3840 dicenda
2009 3795 2108 3840 est.
2140 3784 2192 3840 Si
2226 3795 2399 3839 autem
2449 3786 2738 3840 humanmn
2783 3804 2904 3856 erga
2936 3803 3085 3842 suam
3128 3805 3340 3844 carnem

1756 3877 2160 3931 consideremus
2189 3875 2457 3939 affectum,
2492 3876 2661 3946 potuit
2705 3877 2826 3931 inde
2870 3879 3058 3932 terreri
3091 3879 3168 3933 vel
3211 3896 3342 3934 con-

1757 3969 1954 4023 tristari
1994 3969 2164 4032 vivus,
2207 3968 2348 4038 quod
2391 3984 2646 4021 St‘lhlll'llS
2687 3985 2789 4020 llflll
2832 3979 2945 4022 erat
2973 3980 3254 4026 mortuus:
3288 3982 3340 4026 ct

1757 4061 1870 4116 haec
1899 4072 2013 4115 erat
2045 4076 2220 4132 pmna,
2265 4061 2514 4128 quoniam
2564 4060 2774 4113 dolehat
2809 4062 3021 4115 animus
3057 4062 3106 4115 id
3137 4063 3203 4115 de
3242 4079 3341 4116 suo

1755 4166 1979 4221 corpore
2025 4149 2281 4213 futurum,
2329 4151 2568 4217 quamvis
2611 4164 2731 4203 cum
2777 4151 2930 4204 fieret
2974 4167 3078 4205 non
3111 4151 3334 4206 doleret.

1759 4242 2023 4296 Hactenus
2069 4241 2209 4294 enim
2252 4241 2414 4292 voluit
2463 4241 2712 4293 Dominus
2755 4255 2965 4295 servum
3013 4257 3166 4295 suum
3224 4243 3338 4311 ple-

1756 4345 1938 4396 ctere,
1989 4334 2075 4402 qui
2118 4350 2222 4386 non
2270 4348 2363 4386 sua
2437 4333 2765 4385 contumacia
2822 4341 3093 4401 spreverat
3142 4348 3342 4402 prmce-

1747 4423 2406 4495 ptumejusiinplcrc,3etl
2440 4423 2609 4477 aliena
2641 4425 2938 4493 decipiente
2969 4426 3172 4479 fallacia
3209 4425 3337 4479 obe-

1756 4515 1870 4570 dire
1896 4531 1954 4570 se
1986 4515 2228 4581 credidit,
2273 4516 2483 4585 quanth
2533 4531 2635 4569 non
2681 4515 2931 4570 obedivit.
2973 4517 3152 4587 Neque
3196 4519 3338 4573 enim

1760 4608 2049 4677 putandum
2081 4618 2162 4663 est
2193 4609 2260 4661 ita
2295 4607 2457 4661 fuisse
2491 4608 2865 4676 interemptum
2899 4621 3078 4660 morsu
3122 4607 3337 4673 bestizc,

1757 4706 1817 4754 ut
1844 4699 1907 4752 ad
1935 4699 2248 4768 supplicium
2280 4706 2562 4752 tartaream
2597 4697 2712 4766 ejus
2743 4696 2934 4750 deinde
2975 4697 3146 4750 anima
3188 4712 3341 4767 rape-

1759 4800 1953 4845 retur:
2001 4789 2426 4860 quandoquidem
2474 4790 2647 4856 ipsum‘
2695 4787 2809 4857 ejus
2854 4802 3046 4858 corpus
3087 4788 3225 4843 idem
3259 4789 3343 4844 leo

1759 4883 1845 4951 qui
1873 4882 2139 4937 occiderat
2172 4879 2472 4942 Custodivit,
2515 4879 2760 4949 jumento
2788 4880 2948 4933 etiam
2978 4893 3082 4949 quo
3107 4880 3343 4935 veheba-

1761 4985 1844 5029 tur
1873 4974 2040 5028 illzcso
2065 5015 2080 5038 ,
2119 4982 2171 5027 et
2199 4972 2354 5026 simul
2383 4987 2502 5025 cum
2536 4970 2623 5024 illa
2655 4971 2872 5024 immani
2921 4970 3030 5025 fera
3074 4971 3342 5043 intrepida

1761 5065 2040 5136 praisentia
2069 5063 2133 5118 ad
2164 5064 2243 5118 sui
2271 5063 2470 5117 domini
2514 5061 2669 5116 funus
2697 5071 2923 5124 astante.
2954 5063 3071 5130 Quo
3113 5064 3344 5119 mirabili

1760 5157 1910 5227 signo
1936 5165 2154 5226 apparet
2181 5154 2450 5208 hominem
2487 5153 2577 5208 Dei
2606 5156 2893 5209 coercitum
2927 5155 3104 5224 potius
3133 5165 3340 5225 tempo-

1761 5397 2011 5446 continuos
2029 5395 2122 5444 sul)
2142 5393 2224 5443 dio
2246 5393 2451 5454 jacn'sse
2473 5400 2636 5442 narrat
2659 5393 2910 5452 Eusebius,
2953 5392 3036 5439 lib.
3072 5391 3122 5450 5,
3159 5401 3264 5452 cap.
3292 5389 3343 5450 1,

1763 5466 2030 5521 posteaque
2053 5463 2264 5506 cremata
2289 5461 2340 5505 et
2365 5455 2412 5502 in
2439 5454 2711 5503 tthodauum
2737 5456 2970 5516 projecta.

1829 5542 1844 5572 ⁸
1882 5547 1930 5587 1η
1952 5536 2235 5600 quihusdam
2261 5542 2386 5592 Mss,
2411 5533 2552 5583 beati.

1826 5606 1846 5633 ²
1883 5599 2067 5662 Aliquot
2091 5599 2250 5660 probae
2278 5603 2411 5662 noue
2429 5605 2550 5652 \fss.,
2577 5602 2860 5662 mai-tyrant.

1829 5665 1849 5696 ³
1880 5664 1953 5710 Sic
1969 5651 2161 5708 iussu-At
2183 5665 2310 5712 l.m'.,
2337 5656 2436 5707 suis
2460 5651 2736 5718 corporibus
2759 5653 2996 5716 defunctis
3020 5651 3202 5702 dresse.
3246 5659 3346 5702 tu).

1767 5734 1818 5774 et
1840 5733 1935 5783 εἰη,
1960 5733 2245 5784 suorumque
2270 5717 2600 5779 defunctorum
2625 5717 2804 5765 deesse.
