3860 6284
542 363 645 421 599

537 473 722 532 raliter
746 486 915 544 usque
952 469 1019 528 ad
1054 477 1301 534 mortem,
1345 483 1507 538 quam
1547 466 1788 536 punitum
1833 479 1953 519 esse
1999 472 2120 533 post

535 575 790 623 mortem.
822 564 897 620 De
921 578 1023 635 qua
1053 576 1114 617 re
1140 560 1449 630 Apostolus,
1472 573 1593 612 cum
1626 566 1841 627 propter
1862 555 2117 626 quasdam

537 657 769 714 oﬂ'e'nsas
793 661 1267 711 commemorasset
1292 650 1626 704 infirmitates
1652 656 1959 715 mortesque
1983 643 2121 699 mul-

539 759 709 803 torum
735 764 749 799 :
783 743 845 802 Si
872 744 1005 799 enim
1029 759 1120 797 nos
1146 743 1303 812 ipsos,
1333 740 1521 808 inquit,
1553 737 1923 809 judicaremus,
1952 751 1984 787 a
2011 730 2123 788 Do-

539 837 678 889 mino
706 851 805 889 non
825 834 1195 906 judicaremur.
1226 828 1353 885 Cum
1385 828 1682 899 judicamur
1715 836 1884 880 autem
1904 867 1919 891 ,
1951 840 1983 877 α
2013 822 2123 878 Do-

536 929 675 981 mino
702 926 1021 994 corripinmr,
1051 940 1113 977 ne
1135 938 1249 975 cum
1275 919 1461 974 mundo
1489 916 1825 984 damnemur(
1850 914 1872 969 ι
1897 914 2014 970 Cor.
2040 930 2118 979 Xl,

538 1018 603 1073 51
624 1028 669 1072 et
688 1017 803 1088 52).
825 1016 958 1070 Eum
986 1028 1113 1069 sane
1136 1012 1249 1088 ipse
1275 1010 1363 1081 qui
1391 1008 1675 1077 deceperat
1699 1007 1750 1060 in
1777 1013 2122 1059 monumento

544 1087 910 1177 propriosatis
934 1087 1228 1158 honorifice
1256 1095 1520 1170 sepelivit,
1555 1112 1722 1168 seque
1755 1094 2120 1166 sepeliendum

535 1199 682 1268 juxta
709 1210 829 1251 ossa
858 1195 974 1265 ejus
1000 1192 1238 1249 curavit:
1268 1191 1337 1246 ita
1366 1203 1588 1260 aperaus
1616 1187 1760 1258 parci
1793 1200 1949 1254 posse
1989 1199 2122 1254 quo-

536 1304 641 1360 que
669 1287 880 1343 ossibus
903 1285 1033 1349 suis,
1066 1300 1189 1339 eum
1214 1282 1421 1338 veniret
1451 1290 1659 1350 tempus
1683 1277 1897 1346 quando
1925 1291 2119 1330 secun-

537 1380 665 1435 dum
708 1379 849 1433 illius
878 1376 1116 1431 hominis
1153 1374 1244 1430 Dei
1276 1371 1606 1443 prophetiam
1636 1368 1809 1424 Josias
1849 1384 1941 1422 rex
1986 1364 2122 1422 Juda

539 1473 595 1527 in
634 1471 720 1526 illa
747 1479 884 1526 terra
908 1468 1196 1523 multorum
1218 1465 1358 1520 eruit
1380 1477 1500 1518 ossa
1524 1471 1877 1524 mortuorum,
1900 1457 2125 1513 eisdem-

537 1578 644 1634 que
669 1561 880 1617 ossibus
906 1558 1158 1629 sacrilega
1187 1557 1396 1621 altaria,
1423 1570 1541 1625 quae.
1570 1552 1901 1622 seulptilibus
1926 1550 2125 1605 consti-

541 1664 653 1711 tuta
685 1653 915 1716 fuerant.
963 1651 1266 1706 funestavit.
1310 1647 1552 1718 Pepercit
1583 1646 1782 1716 quippe
1826 1644 1897 1698 illi
1931 1659 2121 1697 monu-

538 1756 723 1804 mento
751 1746 839 1801 ubi
860 1745 1070 1817 iacebat
1095 1742 1381 1812 Propheta,
1405 1740 1494 1812 qui
1519 1747 1645 1793 ante
1680 1752 1849 1792 annos
1894 1735 2124 1805 amplius

538 1855 698 1912 quam
725 1845 991 1895 trecentos
1021 1836 1119 1890 ista
1138 1834 1484 1905 praedixerat;
1513 1840 1564 1886 et
1590 1838 1805 1900 propter
1824 1826 1998 1897 ipsum
2024 1841 2125 1882 nec

539 1936 682 1990 illius
702 1933 790 2005 qui
814 1948 935 1989 eum
951 1931 1255 1994 seduxerat,
1276 1927 1547 1997 sepultura
1570 1924 1762 1978 violata
1788 1930 1870 1977 est
1886 1919 1974 1991 (Ill
1996 1919 2121 1990 Reg.

542 2022 1011 2092 angat-52¢th
1035 2021 1165 2094 Reg.
1189 2033 1315 2075 χχιιι
1336 2060 1350 2085 ,
1384 2014 1606 2088 16-18).
1647 2014 1852 2069 Affectu
1896 2025 2125 2081 namque

541 2118 657 2185 illo,
691 2132 797 2187 quo
824 2129 987 2171 nemo
1026 2125 1261 2182 unquam
1304 2122 1520 2166 carnem
1560 2120 1711 2160 suam
1751 2102 1877 2159 odio
1924 2101 2123 2166 habet,

540 2207 847 2281 providerat
869 2204 1117 2261 cadaveri
1146 2216 1263 2266 suo,
1295 2200 1385 2271 qui
1415 2197 1684 2254 occiderat
1709 2193 1988 2250 mendacio
2010 2193 2127 2246 ani-

543 2314 687 2357 mam
711 2313 883 2354 suam.
917 2296 996 2350 Ex
1026 2293 1129 2349 hoc
1154 2292 1313 2364 igitur
1357 2288 1498 2361 quod
1542 2300 1757 2343 carnem
1786 2299 1936 2340 suam
1981 2283 2128 2355 quis-

546 2408 649 2464 que
679 2389 990 2446 naturaliter
1014 2387 1203 2457 diligit,
1232 2393 1287 2442 et
1311 2383 1388 2439 illi
1415 2396 1572 2453 paena
1598 2380 1695 2436 fuit
1717 2378 1995 2435 addiscere
2020 2390 2126 2431 non

543 2500 669 2543 eum
699 2482 931 2539 futurum
978 2480 1030 2536 in
1076 2478 1322 2547 sepulcro
1365 2484 1576 2547 patrum
1615 2486 1864 2537 suorum;
1908 2476 1965 2525 et
2006 2466 2129 2523 huic

545 2587 673 2629 cura
704 2571 1031 2645 prospicere,
1066 2579 1120 2624 ut
1152 2575 1460 2640 parceretur
1485 2564 1696 2620 ossibus
1734 2560 1870 2628 suis,
1908 2559 1953 2615 si
1978 2559 2127 2629 juxta

545 2679 667 2719 eum
695 2662 917 2734 iaceret,
948 2660 1100 2731 cujus
1127 2657 1433 2729 sepulcrum
1464 2668 1622 2711 nemo
1646 2652 1889 2708 violaret.

616 2754 843 2812 CAPUT
879 2752 1101 2809 Vlll.—
1118 2750 1205 2806 10.
1233 2749 1485 2819 Martyres
1512 2745 1789 2818 sepultura:
1811 2757 1984 2796 curant
2008 2755 2130 2795 con-

548 2853 876 2917 tempserunt.
904 2842 1053 2897 llunc
1079 2840 1326 2895 allectum
1356 2846 1620 2908 martyres
1638 2832 1835 2890 Christi
1864 2845 1962 2901 pro
1991 2830 2131 2886 veri-

549 2945 657 2992 tate
686 2944 954 2991 certantes
978 2932 1222 2987 vicerunt
1250 2947 1263 2983 :
1291 2942 1390 2983 nec
1424 2927 1617 2982 mirum
1644 2924 1767 2995 quia
1792 2931 2128 2990 contempse-

548 3036 674 3083 runt
718 3024 859 3096 quod
899 3040 1005 3079 non
1047 3022 1256 3077 fuerant
1281 3029 1491 3091 peracta
1536 3025 1707 3073 morte
1748 3015 1958 3071 sensuri
1983 3056 1999 3079 ,
2039 3013 2131 3085 qui

550 3136 656 3176 non
685 3125 971 3191 potuerunt
998 3117 1096 3181 eis,
1138 3129 1272 3186 quos
1299 3112 1538 3168 viventes
1573 3108 1894 3173 sentiebant,
1923 3105 2131 3162 crucia-

551 3212 696 3268 tibus
731 3210 890 3265 vinci.
934 3209 1147 3265 Poterat
1178 3205 1361 3276 utique
1391 3204 1563 3268 Deus,
1611 3199 1700 3272 qui
1748 3199 1957 3256 leonem
2002 3195 2132 3253 Pro-

551 3302 729 3372 pheta:
755 3314 974 3370 corpus,
1001 3297 1143 3369 quod
1171 3296 1284 3366 ipse
1312 3293 1597 3359 occiderat,
1628 3290 1856 3347 ulterius
1878 3303 1985 3344 non
2013 3302 2135 3358 per-

550 3392 702 3447 misit
738 3392 1014 3459 attingere,
1061 3398 1115 3444 et
1154 3387 1279 3442 fecit
1321 3386 1388 3441 de
1435 3391 1774 3455 peremptore
1818 3377 2132 3445 custodem";

554 3491 785 3556 poterat,
816 3482 1057 3551 inquam,
1084 3494 1111 3533 a
1137 3492 1354 3533 suorum
1386 3475 1678 3531 interfectis
1702 3471 2016 3544 corporibus
2045 3484 2135 3527 ca-

550 3591 653 3633 nes
680 3574 871 3647 quibus
895 3572 1104 3627 fuerant
1134 3570 1369 3641 proiecta
1397 3567 1715 3640 prohibere;
1746 3572 1955 3636 poterat
1977 3572 2032 3620 et
2057 3564 2136 3636 ip-

554 3682 734 3723 sorum
763 3665 1039 3720 hominum
1061 3660 1536 3717 innumerabilibus
1560 3657 1732 3713 modis
1757 3667 1959 3713 terrere
1981 3655 2138 3711 suavi-

561 3759 715 3824 tiam,
743 3772 811 3812 ne
846 3754 1105 3813 cadavera
1138 3750 1444 3818 incendere,
1487 3766 1554 3808 ne
1598 3750 1806 3806 cineres
1829 3749 2136 3819 dispergere

562 3850 823 3907 auderent
870 3865 886 3903 :
948 3847 1044 3903 sed
1092 3845 1193 3901 hoc
1253 3858 1464 3915 quoque
1527 3842 1948 3912 experimentum
2001 3837 2138 3893 mul-

558 3920 725 4013 tiplici
751 3940 991 3996 varietati
1025 3936 1375 3995 tentationum
1414 3934 1606 3991 deesse
1638 3934 1654 3966 ¹
1689 3948 1795 3988 non
1822 3931 2025 3996 debuit,
2069 3944 2138 3985 ne

556 4036 809 4095 fortitudo
835 4034 1205 4096 confessionis,
1237 4047 1357 4102 qua:
1393 4028 1706 4086 immanitati
1752 4022 2141 4098 persecutionis

554 4142 660 4200 pro
693 4126 934 4198 corporis
976 4124 1146 4181 salute
1188 4138 1295 4178 non
1333 4106 1583 4186 cederet,
1628 4135 1723 4190 pro
1764 4116 1992 4189 sepulcri
2041 4115 2139 4171 ho-

557 4235 690 4277 nore
724 4218 1051 4289 trepidaret;
1091 4225 1397 4287 postremo,
1446 4229 1515 4269 ne
1557 4212 1688 4268 fides
1732 4207 2144 4266 resurrectionis

557 4309 1017 4380 consumptionem
1044 4321 1339 4378 corporum,
1360 4304 1692 4360 formidaret.
1721 4300 2030 4357 Debuerunt
2053 4314 2137 4354 er-

557 4416 629 4475 go
676 4410 731 4457 et
761 4402 858 4456 ista
885 4399 1139 4471 permitti,
1170 4410 1227 4452 ut
1267 4397 1432 4452 etiam
1471 4402 1590 4464 post
1636 4393 1751 4447 luce
1787 4392 1918 4447 tanti
1947 4391 2138 4447 horro-

555 4493 636 4550 ris
659 4493 681 4526 '
705 4492 947 4562 exempla
974 4498 1237 4561 martyres
1266 4486 1316 4542 in
1343 4486 1539 4542 Christi
1566 4483 1902 4540 confessione
1931 4482 2139 4539 ferven-

560 4591 664 4649 tes,
693 4581 1090 4652 hujus-qnoque
1120 4585 1287 4632 testes
1311 4576 1497 4630 fierent
1536 4574 1798 4639 veritatis,
1829 4573 1882 4627 in
1913 4588 2015 4644 qua
2054 4572 2138 4629 di-

559 4674 821 4736 dicerant,
856 4685 950 4727 eos
992 4685 1022 4724 a
1061 4668 1251 4738 quibus
1291 4680 1388 4722 sua
1423 4679 1647 4735 corpora
1687 4664 2134 4729 interficerentur,

561 4773 747 4834 postea
774 4760 904 4816 nihil
929 4759 1126 4816 lubere
1148 4757 1290 4829 quod
1317 4756 1550 4812 facerent
1574 4773 1588 4809 :
1612 4756 1860 4825 quoniam
1884 4752 2140 4825 quidquid

531 4854 788 4911 ‘mortuis
831 4851 1143 4921 corporibus
1186 4849 1442 4915 facerent,
1484 4848 1667 4918 utique
1712 4845 1841 4900 nihil
1882 4843 2134 4909 facerent,

563 4944 779 5017 quando
808 4943 861 4997 in
907 4957 1069 4998 carne
1109 4941 1255 4997 omni
1277 4940 1383 4994 vita
1406 4947 1645 5000 carente,
1674 4950 1776 4991 nec
1799 4934 1992 5004 aliquid
2018 4948 2142 4989 sen-

566 5037 667 5091 tire
696 5041 876 5107 posset
903 5032 992 5101 qui
1034 5030 1155 5085 inde
1183 5028 1447 5099 migravit,
1490 5042 1590 5083 nec
1625 5022 1825 5097 aliquid
1854 5024 1975 5081 inde
2018 5039 2144 5095 per-

562 5130 694 5184 dere
724 5124 815 5198 qui
838 5122 1060 5178 creavit.
1091 5119 1194 5177 Sed
1228 5121 1368 5175 inter
1401 5118 1514 5174 [nec
1543 5134 1662 5189 quae
1692 5117 1887 5174 fiebant
1912 5116 1981 5173 de
2022 5131 2143 5172 cor-

560 5219 783 5291 poribus
815 5214 1139 5277 occisorum,
1178 5225 1298 5266 cum
1329 5216 1590 5281 martyres
1615 5223 1677 5263 ea
1708 5223 1812 5261 non
1844 5215 2142 5262 metuentes

561 5286 753 5381 inagna
781 5304 1092 5362 fortitudine
1120 5311 1457 5373 paterentur;
1483 5310 1661 5355 tamen
1685 5286 1823 5368 apud
1851 5297 2040 5353 fratres
2068 5297 2142 5352 lu-

561 5414 682 5458 etus
706 5402 894 5472 ingens
922 5406 1057 5461 erat,
1085 5393 1224 5467 quod
1252 5392 1394 5448 nulla
1424 5392 1650 5447 dabatur
1674 5398 1909 5460 potestas
1932 5395 2143 5444 sancto-

562 5509 682 5549 rum
721 5490 996 5549 funeribus
1015 5487 1156 5558 justa
1186 5484 1509 5555 persolvere,
1550 5498 1649 5538 nec
1685 5480 1890 5536 occulte
1930 5479 2141 5535 subtra-

627 5675 645 5702 ι
682 5668 790 5717 amt.
820 5675 918 5715 Am.
945 5672 997 5715 et
1031 5669 1126 5724 Fr,
1149 5660 1531 5726 experimentmn
1554 5652 1888 5721 multiplicium
1928 5655 2141 5707 tentatio-

564 5746 679 5782 num
698 5732 877 5780 deesse.

629 5797 647 5827 ¹
681 5795 751 5843 sic
774 5799 881 5841 Mss.
905 5794 956 5837 Αι
981 5786 1121 5846 editi,
1142 5784 1351 5834 Ιιοηονὶς.

848 6000 856 6005 ο
876 5993 912 6008 κ

1315 352 1403 409 DE
1431 351 1615 408 (ΖΠΗ
1657 350 1791 407 PRO
1827 346 2126 405 MURTUIS
2164 343 2510 413 CEIlENDA,
2552 343 2607 399 S.
2652 341 3015 400 AUGUSTINI
3660 347 3740 408 eeo

2232 460 2360 516 here
2380 460 2597 531 aliquid,
2623 461 2752 516 sicut
2780 461 2965 516 eadem
2994 466 3211 527 testatur
3236 461 3474 524 bl~t0ria,
3497 464 3737 523 crudelium

2227 551 2511 606 custodum
2539 550 2728 621 vigiliae
2759 548 3129 622 permittebant
3153 550 3360 623 (Euseb.
3390 552 3516 609 Hist.
3540 554 3743 612 Eccl.lib.

2228 643 2283 706 5,
2317 660 2431 714 cap.
2466 643 2551 715 l).
2588 644 2658 698 ita
2688 659 2808 699 cum
2842 644 2963 697 illos
3002 644 3089 714 qui
3119 643 3276 697 occisi
3307 643 3530 711 fuerant,
3569 646 3614 700 in
3645 647 3747 701 dila-

2228 736 2499 792 ceratione
2528 737 2886 792 membrorum
2919 751 3153 803 suorum,
3188 737 3237 791 in
3270 737 3655 810 conflagratione
3682 756 3749 796 os-

2228 827 2387 894 sium,
2422 827 2472 881 in
2514 827 2848 897 dispersione
2877 832 3139 895 cinerum,
3179 830 3397 884 miseria
3428 827 3559 885 nulla
3585 830 3749 887 contiu-

2228 926 2412 986 geret;
2439 918 2567 972 istos
2590 927 2764 973 tamen
2796 919 2883 989 qui
2913 918 3041 972 nihil
3070 935 3254 974 eorum
3286 920 3509 991 sepelire
3538 933 3747 992 poterant,

2229 1024 2417 1079 magna
2436 1010 2799 1065 misericordia
2817 1010 3085 1066 cruciabat
3106 1027 3120 1075 ;
3136 1012 3258 1082 quia
3278 1013 3333 1066 in
3352 1012 3495 1066 nullo
3509 1012 3648 1068 modo
3662 1031 3752 1069 scu-

2233 1098 2515 1155 tientibus‘
2545 1101 2640 1171 ipsi
2668 1101 2898 1172 quodam
2919 1103 3077 1157 modo
3102 1101 3426 1169 sentiebant,
3445 1113 3495 1160 et
3514 1104 3593 1159 ubi
3605 1102 3690 1175 iam
3709 1107 3752 1160 il-

2230 1189 2402 1245 lorum
2417 1191 2562 1247 nulla
2576 1202 2688 1246 erat
2708 1193 2901 1262 passio,
2918 1204 3030 1248 erat
3046 1192 3267 1249 istorum
3288 1194 3479 1249 misera
3491 1198 3753 1265 compassio.

2303 1282 2528 1338 CAPUT
2570 1279 2659 1337 IX.
2685 1313 2755 1322 -
2781 1284 2864 1340 Η.
2894 1283 3127 1354 Ofﬁcium
3146 1284 3422 1355 sepulturae
3444 1301 3529 1339 cur
3548 1283 3754 1341 laudatum

2230 1376 2281 1429 in
2312 1376 2612 1446 Scripturis.
2658 1376 2958 1432 Secundum
3006 1378 3160 1431 istam
3207 1392 3370 1448 quam
3416 1377 3519 1432 disi
3558 1380 3755 1434 miseram

2230 1467 2655 1538 compassiouem
2685 1468 2969 1524 laudantur
2999 1468 3097 1533 illi,
3121 1477 3174 1524 et
3199 1486 3229 1522 ιι
3258 1484 3388 1539 rege
3414 1468 3568 1524 David
3589 1469 3758 1526 benedi-

2230 1569 2442 1625 cuntur,
2465 1560 2554 1630 qui
2578 1559 2751 1615 Saitlis
2773 1570 2826 1615 et
2847 1561 3088 1616 Jonathae
3111 1561 3326 1617 ossibus
3344 1561 3505 1617 aridis
3527 1563 3760 1632 sepultura:

2232 1649 2651 1706 misericordiam
2683 1652 3042 1719 pra~stiterunt
3072 1650 3091 1723 (
3116 1650 3155 1706 ll
3186 1650 3313 1723 (leg.
3344 1667 3405 1719 ιι,
3431 1651 3508 1719 5).
3536 1651 3648 1720 Qua:
3670 1660 3757 1707 tan-

2231 1740 2355 1796 dem
2401 1741 2762 1798 miscrieordia
2802 1753 3087 1814 prtestatur
3127 1745 3262 1799 nihil
3302 1745 3664 1801 sentientibus?
3699 1747 3757 1801 An

2232 1831 2366 1886 forte
2396 1831 2498 1886 hoc
2529 1833 2883 1888 revocandum
2917 1843 3001 1891 est
3038 1838 3101 1889 ad
3142 1834 3290 1889 illam
3320 1836 3631 1905 opinionem,
3654 1836 3757 1907 quod

2232 1926 2496 1982 infernum
2519 1929 2540 1959 ¹
2563 1928 2777 1983 fluvium
2820 1929 2871 1982 in
2903 1930 3065 1999 epulti
3093 1945 3198 1983 non
3221 1937 3473 1999 poterant
3491 1940 3758 1985 transmeare

2236 2017 2474 2089 (Eneid.
2503 2020 2591 2073 lib.
2620 2020 2685 2086 6,
2715 2036 2809 2075 vv.
2836 2021 2963 2084 59.7.
2991 2020 3159 2091 sas)?
3179 2021 3338 2076 Absit
3366 2020 3466 2076 hoc
3488 2035 3518 2075 a
3544 2021 3633 2076 ﬁde
3651 2021 3757 2076 chri-

2232 2111 2403 2163 stiana
2440 2126 2456 2163 :
2488 2109 2724 2180 alioquin
2767 2109 2996 2180 pessime
3025 2121 3200 2166 actum
3229 2120 3320 2166 est
3345 2125 3466 2167 cum
3507 2121 3632 2166 tanta
3654 2128 3757 2166 mar-

2235 2208 2412 2272 tyrum
2461 2201 2825 2268 multitudine,
2863 2217 3088 2273 quorum
3131 2219 3236 2260 non
3268 2206 3553 2274 potuerunt
3585 2217 3756 2273 corpora

2232 2293 2481 2362 sepeliri,
2524 2300 2580 2348 et
2619 2292 2880 2349 fallaciter
2903 2294 2983 2350 eis
3012 2293 3222 2349 Veritas
3250 2294 3420 2359 dixit,
3449 2293 3608 2348 Nolite
3629 2294 3756 2347 timere

2233 2399 2318 2439 eos
2340 2384 2427 2454 qui
2450 2398 2637 2454 corpus
2664 2384 2919 2451 occidunt,
2954 2393 3000 2439 et
3035 2394 3206 2456 postea
3240 2401 3346 2439 non
3376 2384 3549 2439 habent
3571 2384 3671 2454 quid
3696 2385 3755 2455 [ιιι
3832 2452 3833 2455 η

2233 2475 2402 2541 ciant;
2428 2475 2475 2531 si
2504 2475 2583 2531 eis
2612 2483 2756 2530 tanta
2783 2476 2920 2531 mala
2950 2474 3123 2532 facere
3162 2484 3472 2546 potuerunt,
3498 2476 3664 2546 quibus
3682 2476 3753 2528 im-

2235 2564 2547 2636 pedirentur
2563 2565 2628 2621 ad
2649 2567 2762 2621 loca
2775 2576 3020 2637 exeptata
3037 2567 3289 2623 transire.
3313 2567 3421 2623 Sed
3440 2567 3553 2638 quia
3578 2566 3756 2621 hocsine
3832 2628 3833 2637 γ

2235 2657 2339 2712 ulla
2362 2657 2692 2716 dubitatione
2712 2657 3052 2715 falsissimum
3071 2668 3176 2729 est,
3197 2675 3302 2716 nec
3322 2659 3515 2732 aliquid
3530 2660 3659 2716 obest
3669 2659 3754 2713 lida
3832 2670 3833 2729 ξ

2233 2748 2375 2805 libus
2391 2759 2578 2823 negata
2594 2766 2778 2808 eorum
2798 2753 3114 2825 corporibus
3135 2755 3434 2824 sepultura,
3450 2750 3751 2823 uecaliquidsi
3832 2802 3833 2817 ,

2234 2839 2551 2898 exhibeatur
2574 2843 2876 2901 infidelibus
2905 2844 3124 2916 prodest
3151 2863 3165 2901 :
3192 2860 3294 2901 cur
3317 2861 3446 2919 ergo
3469 2846 3537 2902 illi
3563 2847 3639 2918 qui
3658 2845 3753 2900 Sait-

2240 2892 2538 2898 _"__--_-__
2574 2892 2873 2901 __--__---_-
2905 2892 3124 2916 Γπ---
3151 2892 3165 2901 .
3195 2892 3282 2901 __.
3320 2892 3367 2902 -.
3415 2892 3443 2903 ν
3564 2892 3639 2901 ._.
3659 2892 3735 2900 ..-

2235 2932 2343 2990 lem
2384 2943 2440 2990 et
2469 2934 2636 2991 lilium
2664 2935 2780 3006 ejus
2808 2936 3152 3007 sepelierunt,
3181 2892 3594 2994 miserigordiaui
3617 2936 3753 2991 fecisse
3828 2892 3833 2997 l

2236 3022 2507 3092 dicuntur,
2539 3034 2594 3081 et
2628 3002 2708 3082 ob.
2735 3025 2840 3081 hoc
2870 3002 2911 3080 ia
2953 3042 3079 3098 rege
3124 3027 3212 3099 pio
3257 3028 3646 3093 benedicuntur;
3680 3025 3751 3080 nisi
3826 3002 3833 3099 ξ

2235 3115 2360 3187 quia
2388 3116 2524 3174 bene
2550 3116 2855 3185 afficiuntur
2881 3072 3046 3175 θοι·ιέ
3071 3072 3439 3176 miserantium
3456 3162 3473 3189 ,
3502 3072 3680 3190 quando
3708 3130 3752 3170 ea
3828 3072 3833 3151 Ἰ

2237 3206 2422 3264 dolent
2451 3209 2503 3264 in
2531 3218 2861 3266 mortuorum
2891 3210 3204 3281 corporibus
3227 3211 3449 3277 alienis,
3478 3226 3586 3281 qua:
3610 3208 3681 3263 illo
3696 3204 3751 3260 af-

2238 3295 2402 3368 fectu,
2432 3313 2538 3371 quo
2572 3314 2733 3356 nemo
2771 3274 3003 3371 unquam
3037 3315 3255 3356 carnem
3287 3274 3445 3357 suam:
3474 3274 3586 3356 odio
3620 3298 3751 3363 habet,

2239 3389 2428 3445 nolunt
2447 3389 2561 3445 ﬁeri
2580 3398 2701 3462 post
2717 3398 2940 3447 mortem
2962 3405 3114 3445 suam
3131 3391 3449 3461 corporibus
3461 3390 3579 3456 suis;
3594 3384 3750 3458 etquod

2241 3480 2347 3536 sibi
2374 3479 2616 3537 exhiberi
2645 3481 2835 3536 volunt
2859 3481 3072 3553 quando
3104 3483 3319 3538 sensuri
3364 3498 3467 3539 non
3508 3490 3642 3545 sunt,
3667 3477 3750 3534 aliis

2243 3585 2350 3627 non
2376 3569 2734 3627 sentientibus
2760 3580 2948 3626 curant
2974 3571 3229 3627 exhibere
3253 3572 3381 3628 dum
3415 3572 3508 3644 ipsi
3542 3568 3752 3628 sentiunt?

2310 3661 2537 3718 CAPUT
2564 3660 2708 3717 X.--—
2728 3662 2814 3717 12.
2840 3660 3032 3718 Mortui
3049 3663 3257 3735 quidam
3284 3673 3538 3737 apparent,
3560 3660 3751 3717 utibile-

2241 3755 2449 3825 pultura
2478 3753 2758 3825 prcbeatur
2778 3769 2799 3809 :
2816 3753 3067 3826 quomodo
3091 3755 3199 3810 hec
3218 3756 3329 3811 visa
3355 3756 3636 3826 contingant.
3656 3750 3749 3807 Νιτ-

2241 3854 2431 3902 rantur
2451 3847 2565 3902 visa
2589 3846 2854 3918 quaedam,
2887 3862 3008 3919 quae
3038 3847 3160 3905 huic
3195 3847 3531 3920 disputationi
3562 3861 3649 3902 non
3680 3856 3747 3897 nc-
3828 3844 3833 3920 ἶ

2241 3936 2545 4009 gligendam
2588 3882 2869 3994 videantur
2887 3882 3107 3995 inferre
3147 3882 3511 4010 qumsiionem.
3551 3936 3749 3993 Feruntur
3826 3882 3833 4007 1

2241 4028 2443 4100 quippe
2467 4029 2665 4084 mortui
2704 4029 2945 4085 nonnulli
2972 4029 3057 4085 vel
3084 4029 3135 4085 in
3165 4031 3392 4099 somnis,
3420 4030 3498 4086 vel
3533 4027 3625 4083 alio
3652 4036 3745 4095 qno-

2241 4133 2471 4192 cumque
2498 4119 2660 4177 modo
2683 4122 2995 4193 apparuisse
3017 4122 3320 4180 viventibus
3341 4132 3495 4195 atque
3516 4120 3592 4176 ubi
3613 4129 3746 4174 eoum
3830 4130 3833 4181 ﬁ

2241 4226 2465 4284 corpora
2508 4211 2752 4283 iacerent
2806 4212 3077 4269 inhumata
3127 4214 3517 4281 nescientibus,
3568 4209 3745 4276 locisque
3832 4228 3833 4233 π

2244 4302 2557 4359 monstratis
2581 4301 2925 4361 admonuisse
2954 4313 3010 4360 ut
3038 4304 3138 4360 sibi
3166 4306 3436 4378 sepultura
3470 4318 3577 4376 quas
3608 4295 3743 4355 defuc-
3832 4350 3833 4359 χ

2245 4401 2331 4448 rat
2372 4392 2721 4463 prteberetur.
2767 4392 2894 4450 llzec
2931 4395 2976 4450 si
3019 4394 3151 4450 falsa
3186 4409 3312 4453 esse
3354 4390 3738 4465 responderimus,
3832 4402 3833 4459 ξ

2244 4493 2429 4540 contra
2473 4482 2827 4554 quorumdam
2868 4485 3066 4556 scripta
3098 4484 3366 4553 ﬁdelium,
3405 4494 3457 4542 et
3492 4490 3647 4540 contra
3677 4490 3740 4532 eo-

2245 4591 2365 4632 rum
2391 4590 2586 4632 sensus
2614 4576 2704 4647 qui
2736 4575 2860 4631 talia
2884 4575 2985 4631 sibi
3013 4576 3274 4634 accidisse
3298 4576 3602 4638 conﬁrmant.
3626 4571 3736 4639 im!"
3832 4570 3833 4577 “

2243 4666 2434 4723 denter
2485 4667 2672 4722 venire
2717 4665 3037 4723 videbimur.
3083 4666 3189 4724 Sed
3230 4664 3622 4740 respondendum
3654 4666 3736 4717 est.

2245 4771 2354 4813 non
2381 4756 2501 4814 ideo
2529 4756 2821 4828 putandum
2856 4771 2979 4814 esse
3014 4767 3255 4824 mortuos
3294 4760 3390 4815 ista
3423 4756 3623 4818 sentire.
3652 4745 3734 4818 ll"ia
3830 4745 3833 4825 l

2247 4846 2366 4903 haec
2403 4847 2583 4905 dicere
2608 4847 2696 4904 vel
2721 4848 2960 4904 indicare
2986 4849 3071 4904 vel
3113 4859 3292 4920 petere
3328 4846 3614 4906 videnturin
3636 4851 3735 4895 som-
3830 4846 3833 4905 ξ

2252 4938 2359 4995 nis.
2397 4939 2532 4996 Nam
2559 4947 2615 4996 et
2646 4940 2888 4997 viventes
2927 4949 3187 5011 apparent
3213 4957 3351 5012 sa‘pe
3376 4936 3633 4995 viventibus
3649 4927 3733 4984 dor-
3832 4982 3833 4987 η

2246 5029 2534 5086 mientibus
2553 5070 2570 5098 ,
2607 5028 2733 5085 dum
2761 5043 2821 5085 se
2850 5029 2949 5100 ipsi
2980 5030 3221 5087 nesciant
3254 5030 3275 5062 '
3314 5042 3549 5101 apparere
3582 5020 3667 5096 (εὶς
3697 5024 3733 5070 θί

2248 5124 2316 5177 ab
2357 5122 2436 5178 eis
2477 5121 2594 5177 haec
2632 5134 2752 5191 quas
2797 5120 3182 5176 somniaverint
3226 5120 3435 5177 audiunt
3474 5110 3729 5172 dicentibm.

2248 5211 2389 5283 quod
2414 5226 2509 5268 eos
2537 5212 2590 5266 in
2617 5210 2822 5266 somnis
2844 5220 3062 5282 agentes
3090 5212 3287 5284 aliquid
3325 5213 3402 5267 vel
3430 5210 3657 5279 loquentes
3674 5194 3729 5247 \‘i-

2248 5304 2445 5360 derint.
2487 5302 2543 5360 Si
2584 5317 2712 5375 ergo
2741 5317 2828 5357 me
2858 5312 3031 5373 petest
3075 5304 3268 5375 aliquis
3295 5304 3345 5360 in
3372 5300 3550 5359 somnis
3581 5292 3724 5347 vide".

2249 5394 2351 5450 sibi
2394 5393 2597 5465 aliquid
2636 5393 2776 5465 quod
2820 5391 3017 5448 factum
3060 5403 3145 5451 cst
3181 5386 3588 5457 indicantcm,vel
3610 5381 3722 5436 etiam

2275 5534 2331 5605 ..‘
2365 5531 2503 5605 Nili»
2526 5528 2723 5603 ηάερνία
2742 5529 3028 5605 studebat“;
3059 5529 3175 5605 qua:
3194 5530 3322 5605 nullo
3340 5528 3469 5605 prodo
3483 5523 3564 5578 illis
3578 5512 3708 5571 wits

2248 5593 2392 5653 tibus,
2411 5601 2541 5653 etc.;
2565 5592 2724 5641 minus
2743 5592 2874 5641 bene
2898 5600 2949 5643 et
2963 5592 3358 5644 dissentientibus
3376 5598 3468 5641 Mss.

2313 5658 2334 5689 ³
2366 5653 2470 5703 sola
2487 5655 2592 5703 fere
2616 5653 2765 5702 editio
2782 5659 2890 5702 Lov.
2910 5690 2923 5712 ,
2942 5654 3138 5716 inﬂavit”.

2315 5719 2338 5749 ³
2368 5722 2442 5764 Er.
2468 5716 2614 5778 Lugd.
2637 5722 2756 5763 Ven.
2780 5722 2909 5778 ωιτη
2930 5715 3161 5778 uesrirutt.
3225 5723 3280 5766 I.

2320 5778 2395 5842 (a)
2421 5776 2522 5827 \‘id.
2542 5776 2807 5827 sermones
2824 5777 2915 5827 522
2938 5785 2990 5827 et
3011 5777 3123 5828 δῦ.
