3860 6284
530 307 633 362 603

528 437 663 492 pene
705 428 944 476 mortuus
983 416 1149 491 jacuit
1172 417 1371 488 aliquot
1393 416 1579 471 diebus
1611 431 1626 469 :
1655 412 1999 469 tenuissimus
2026 409 2114 463 llaa

532 523 616 569 tus
647 513 698 567 in
730 511 965 578 naribus,
993 511 1082 580 qui
1114 524 1270 563 manu
1297 508 1508 563 admota
1536 514 1823 575 utcumque
1849 500 2118 557 sentieba-

537 613 621 658 tur
657 613 711 658 et
748 609 863 657 erat
887 602 1134 671 exiguum
1165 598 1391 654 viventis
1420 597 1668 652 indicium
1702 595 1755 660 ί,
1801 591 2012 663 sepeliri
2058 600 2118 645 ut

531 694 830 749 exanimem
862 707 967 747 non
997 691 1222 746 sinebat.
1264 680 1448 744 Nullos
1475 698 1621 741 artus
1652 678 1931 746 movebat,
1973 680 2117 736 nulla

529 785 774 840 sumebat
809 783 1057 837 alimenta
1088 798 1103 847 ;
1135 779 1264 835 nihil
1294 778 1493 844 oculis,
1524 766 1650 830 nihil
1682 774 1788 829 ullo
1822 773 1929 827 alio
1956 786 2116 826 sensu

536 873 780 945 corporis
800 873 1033 944 qualibet
1058 873 1282 940 impacta
1312 867 1552 923 molestia
1577 862 1858 921 sentiebat.
1894 860 2118 918 Videbat

532 977 710 1021 tamen
739 966 898 1019 multa
929 964 1072 1019 velut
1100 963 1152 1018 in
1173 962 1377 1016 somnis
1396 976 1556 1031 ,quae
1588 956 1799 1014 tandem
1826 955 2116 1027 aliquando

531 1069 663 1130 post,
686 1058 800 1114 dies
829 1057 1082 1128 plurimos
1110 1055 1262 1126 quasi
1289 1054 1544 1124 evigilans
1565 1095 1579 1117 ,
1608 1048 1718 1106 visa
1752 1050 2007 1105 narravit;
2042 1048 2119 1103 Ac

531 1152 795 1220 primum,
823 1163 951 1202 mox
983 1155 1037 1201 ιιι
1080 1146 1290 1217 aperuit
1313 1144 1497 1200 oeulos
1527 1162 1539 1197 :
1564 1138 1666 1197 Eat
1691 1142 1898 1213 aliquis,
1925 1140 2114 1210 inquit,

529 1241 595 1296 ad
624 1240 838 1295 domum
881 1236 1092 1293 Curium
1136 1238 1265 1292 fabri
1306 1236 1549 1303 ferrarii,
1590 1243 1643 1290 et
1671 1233 1846 1289 videat
1890 1231 2014 1303 quid
2046 1232 2114 1285 ibi

527 1343 729 1404 agatur.
755 1329 873 1398 Quo
906 1346 1029 1386 cum
1072 1331 1202 1384 itum
1242 1337 1418 1394 esset,
1451 1327 1698 1381 inventus
1738 1334 1821 1380 est
1868 1332 2125 1377 mortuus

528 1439 595 1480 eo
620 1430 926 1490 momento,
974 1438 1080 1493 quo
1118 1421 1219 1476 iste
1260 1418 1433 1475 fuerat
1458 1418 1702 1474 sensibus
1747 1408 2017 1480 redditus,
2062 1422 2118 1469 et

458 1574 465 1579 ,
532 1530 666 1586 pene
694 1530 726 1569 a
752 1523 924 1569 morte
964 1514 1251 1568 revixerat.
1292 1510 1444 1565 Tunc
1484 1507 1701 1563 intentis
1727 1506 1816 1577 qui
1855 1502 2115 1568 aderant,

530 1608 679 1664 illum
707 1606 946 1663 exhiberi
964 1605 1172 1677 jussum
1200 1620 1319 1660 esse
1344 1601 1557 1674 quando
1583 1602 1696 1673 ipse
1722 1600 1969 1656 dimissus
1999 1608 2115 1665 est,

532 1698 823 1763 indicavit;
869 1712 1032 1767 seque
1077 1697 1182 1751 illic
1221 1695 1361 1750 unde
1408 1693 1641 1750 redierat
1688 1692 1821 1747 dixit
1863 1690 2114 1757 audisse,

531 1789 672 1860 quod
703 1804 805 1843 non
836 1788 1031 1842 Curma
1060 1787 1307 1850 curialis,
1342 1785 1433 1839 sed
1465 1785 1657 1839 Curina
1696 1782 1845 1838 faber
1870 1782 2120 1837 ferrarius

528 1880 594 1935 ad
632 1880 746 1935 loca
786 1870 871 1933 illa
905 1886 1232 1932 mortuorum
1279 1884 1573 1946 pra‘ceptus
1598 1874 1789 1930 fuisset
1810 1873 2023 1927 adduci.
2062 1873 2117 1926 lu

531 1973 635 2028 illis
670 1987 795 2041 ergo
816 1972 963 2036 visis,
990 1980 1237 2040 tanquam
1254 1969 1473 2039 somniis
1494 1968 1624 2032 suis,
1654 1967 1791 2021 inter
1810 1982 1902 2021 eos
1922 1969 1941 1997 ¹
1969 1965 2120 2019 defu-

534 2071 707 2129 nctos,
723 2076 855 2131 quos
875 2060 1086 2114 videbat
1108 2075 1202 2129 pro
1226 2057 1590 2113 meritorumdi
1608 2055 1858 2110 versitatc
1882 2054 2116 2120 tractari,

530 2152 745 2223 agnovit
796 2151 953 2205 etiam
997 2149 1284 2203 nonnullos
1318 2163 1452 2217 quos
1495 2154 1723 2201 noverat
1758 2149 1926 2199 vivos.
1974 2145 2120 2214 Ipsos

531 2253 708 2298 autem
734 2256 859 2297 vere
882 2241 903 2272 ³
926 2240 1146 2296 forsitan
1186 2239 1530 2295 credidissem
1552 2281 1568 2305 ,
1628 2238 1671 2291 si
1714 2253 1818 2291 non
1849 2238 1987 2309 inter
2030 2236 2117 2291 illa

531 2333 680 2405 quasi
725 2332 927 2389 somnia
958 2346 1051 2385 sua
1087 2329 1310 2385 vidisset
1353 2330 1513 2385 etiam
1545 2327 1803 2399 quosdam
1846 2328 1934 2397 qui
1981 2341 2121 2381 nunc

531 2441 700 2496 usque
725 2424 899 2480 adhuc
934 2424 1147 2489 vivunt,
1175 2423 1399 2478 clericos
1427 2421 1677 2477 videlicet
1703 2422 1908 2492 aliquos
1945 2421 2115 2490 regio-

533 2516 617 2570 nis
658 2530 768 2570 suze
789 2558 803 2582 ,
845 2530 874 2569 a
905 2529 1130 2585 quorum
1172 2514 1241 2569 ibi
1273 2514 1585 2586 presbytero
1610 2512 1849 2576 audivit,
1897 2520 1953 2566 ut
1982 2509 2121 2581 apud
2147 2538 2159 2547 -

536 2598 827 2676 Hipponem
860 2604 1223 2675 baptizaretur
1268 2620 1298 2657 a
1333 2620 1419 2659 me
1442 2645 1456 2669 ,
1499 2603 1637 2675 quod
1683 2612 1738 2659 et
1779 2604 1972 2657 factum
2002 2617 2122 2657 esse

531 2694 766 2753 dicebat.
814 2696 1032 2753 Viderat
1062 2698 1237 2768 itaque
1283 2697 1337 2751 in
1368 2696 1455 2750 illa
1487 2696 1691 2751 visione
1717 2694 2137 2766 presbyterum”

531 2792 791 2856 clericos,
834 2807 920 2847 me
963 2792 1165 2862 ipsum,
1215 2790 1447 2846 nendum
1492 2790 1697 2845 Scilicet
1736 2802 2008 2857 mortuos,
2062 2788 2118 2844 in

531 2899 633 2953 qua
664 2892 844 2953 postea
879 2882 1007 2937 vidit
1035 2891 1089 2937 et
1128 2891 1383 2951 mortuos.
1425 2879 1531 2936 Cur
1554 2896 1658 2936 non
1688 2880 1845 2935 etiam
1871 2880 1986 2934 illos
2014 2879 2121 2935 sic-

535 2986 593 3031 ut
638 2991 737 3030 nos
794 2975 988 3030 vidisse
1026 2975 1302 3041 credatur,
1348 2984 1600 3045 utrosque
1637 2974 1842 3028 scilicet
1874 2972 2123 3028 absentes

532 3075 692 3137 atque
720 3066 1019 3121 nescientes
1050 3083 1073 3131 ;.
1106 3080 1169 3119 ac
1198 3081 1293 3134 per
1324 3066 1424 3120 hoc
1464 3082 1568 3118 non
1601 3065 1779 3132 ipsos,
1811 3065 1905 3119 sed
1933 3063 2122 3118 simili-

533 3154 744 3213 tudines
767 3173 982 3220 eorum,
1016 3157 1152 3211 sicut
1174 3158 1337 3211 etiam
1366 3157 1603 3211 locorum
1629 3156 1652 3209 ?
1674 3156 1802 3210 Nam
1830 3165 1884 3211 et
1904 3155 2121 3210 fundum

450 3291 460 3303 .
533 3248 668 3302 vidit
688 3248 773 3302 ubi
796 3257 909 3302 erat
930 3247 1017 3301 ille
1043 3262 1163 3301 cum
1186 3247 1394 3301 clericis
1416 3247 1716 3317 presbyter,
1746 3255 1800 3301 et
1823 3246 2119 3317 Hipponem

535 3339 623 3393 ubi
666 3355 694 3392 a
737 3355 822 3395 me
862 3340 1011 3410 quasi
1042 3340 1339 3409 baptizatus
1369 3347 1453 3394 est
1486 3358 1498 3392 :
1532 3340 1583 3394 in
1618 3340 1812 3410 quibus
1842 3339 1973 3394 locis
1999 3354 2122 3409 pro-

442 3490 445 3491 ,
534 3428 672 3484 lecto
699 3438 802 3482 non
828 3438 941 3483 erat
964 3469 978 3494 ,
1011 3428 1223 3499 quando
1251 3430 1357 3484 illic
1390 3428 1488 3483 sibi
1520 3444 1640 3485 esse
1668 3429 1960 3484 videbatur.
1989 3428 2121 3483 Nam

533 3521 659 3592 quid
691 3520 761 3575 ibi
804 3531 1047 3591 ageretur
1067 3537 1133 3576 eo
1166 3516 1405 3590 tempore
1424 3564 1436 3585 ,
1468 3521 1737 3577 nesciebat
1771 3540 1784 3575 :
1814 3521 1955 3591 quod
1984 3535 2120 3590 pro-

533 3612 620 3666 cul
659 3610 822 3666 dubio
865 3612 1059 3679 sciret,
1091 3611 1134 3665 si
1171 3627 1294 3667 vere
1337 3612 1407 3666 ibi
1436 3621 1596 3668 esset.
1633 3613 1753 3667 Visa
1791 3621 1913 3666 sunt
1963 3612 2122 3683 igitur

536 3700 632 3755 iSta
658 3742 673 3767 ,
702 3696 819 3769 qua:
847 3717 950 3755 non
980 3709 1366 3770 prtesentantur
1396 3699 1416 3733 '*
1445 3702 1496 3755 in
1531 3702 1659 3771 ipsis
1707 3701 1865 3756 rebus
1891 3710 1947 3755 ut
1974 3708 2119 3768 sunt,

535 3793 627 3849 sed
676 3793 730 3847 in
779 3793 1090 3863 quibusdam
1138 3809 1316 3849 rerum
1349 3794 1665 3865 imaginibus
1713 3792 2116 3847 adumbrantur.

537 3887 772 3957 Denique
814 3894 930 3957 post
959 3888 1122 3941 multa
1153 3903 1270 3957 qua:
1302 3888 1471 3953 vidit,
1512 3886 1669 3940 etiam
1714 3886 1766 3939 in
1817 3885 2118 3955 paradisum

434 3971 437 3975 ’
533 3993 592 4033 se
644 3978 997 4033 introductum
1045 3993 1164 4033 esse
1194 3977 1460 4041 narravit,
1490 3974 1795 4045 dictumque
1834 3974 1932 4029 sibi
1959 3990 2078 4030 esse
2100 4018 2116 4041 ,

532 4078 652 4122 cum
682 4062 802 4122 inde
829 4065 1186 4122 dimitteretur
1214 4066 1480 4121 rediturus
1503 4064 1569 4120 ad
1598 4080 1726 4119 suos
1760 4082 1772 4117 :
1807 4062 1951 4118 Vade
1969 4104 1984 4128 ,
2010 4050 2117 4118 'ba-

532 4160 733 4230 ptizare
758 4201 775 4227 ,
814 4158 859 4213 si
902 4158 984 4213 vis
1008 4173 1129 4214 esse
1156 4158 1207 4212 in
1237 4159 1338 4212 isto
1363 4157 1482 4212 loco
1510 4155 1806 4211 beatorum.
1841 4154 2038 4211 Deinde
2064 4165 2122 4210 ut

531 4268 561 4303 ιι
607 4265 694 4305 me
723 4244 1083 4318 baptizaretur
1108 4246 1445 4315 admonitus,
1483 4245 1593 4318 jam
1630 4247 1825 4302 factum
1881 4263 2002 4303 esse
2027 4264 2118 4303 re-

536 4338 768 4410 spondit.
793 4336 887 4395 Cui
912 4356 1097 4395 rursus
1123 4338 1212 4395 ille
1239 4340 1327 4410 qui
1355 4356 1476 4395 cum
1503 4355 1569 4396 eo
1590 4339 1931 4410 loquebatur:
1952 4334 2116 4410 Vade,

536 4434 743 4504 inquit,
774 4447 898 4487 vere
920 4430 1192 4500 baptizare
1222 4447 1237 4497 ;
1266 4446 1388 4485 nam
1419 4429 1547 4486 illud
1588 4431 1640 4485 in
1678 4430 1881 4487 visione
1918 4432 2116 4489 vidisti.

532 4525 662 4582 Post
693 4526 791 4581 ista
820 4523 1121 4591 convaluit,
1167 4524 1401 4594 perrexit
1430 4523 1747 4594 Hipponem.
1780 4520 1981 4580 Pascha
2006 4526 2117 4597 jam

536 4612 956 4686 propinquabat,
981 4605 1130 4670 dedit
1154 4628 1347 4669 nomen
1377 4613 1517 4668 inter
1545 4613 1680 4669 alios
1704 4613 2080 4686 Competcntes
2100 4659 2115 4686 ,

534 4707 731 4777 pariter
774 4712 896 4764 eum
937 4706 1179 4779 plurimis
1235 4704 1536 4778 incognitus
1580 4707 1731 4762 nobis
1774 4723 1789 4772 ;
1834 4722 1933 4763 nec
1976 4708 2116 4763 illam

531 4796 661 4850 mihi
712 4798 967 4853 visionem
989 4838 1003 4863 ,
1033 4798 1133 4852 nec
1158 4795 1402 4869 cuiquam
1451 4807 1751 4853 nostrorum
1776 4796 2010 4854 indicare
2028 4814 2119 4855 cu-

534 4890 689 4944 ravit.
723 4886 1027 4959 Baptizatus
1056 4890 1139 4945 est
1158 4933 1173 4959 ,
1205 4890 1433 4961 peractis
1461 4889 1649 4967 diebus
1681 4891 1879 4946 sanctis
1908 4907 2118 4947 remea-

532 4982 609 5036 vit
649 4979 716 5035 ad
756 4982 990 5051 propria.
1030 4981 1251 5038 Biennio
1292 4983 1377 5037 vel
1417 4983 1646 5054 amplius
1689 4991 1986 5049 transacto,
2018 4999 2119 5054 (go

532 5080 723 5126 cuncta
748 5070 1094 5140 haeccognovi
1119 5087 1131 5124 :
1163 5072 1334 5141 primo
1362 5086 1456 5143 per
1468 5073 1749 5144 quemdam
1779 5086 1955 5129 meum
1977 5074 2120 5145 ejus-

531 5178 636 5233 que
672 5162 903 5217 amicum
945 5162 997 5216 in
1039 5161 1283 5217 convivio
1333 5179 1453 5219 meo
1480 5205 1496 5229 ,
1535 5164 1664 5219 dum
1707 5164 1950 5235 qumdam
1996 5167 2116 5221 talia

532 5257 876 5326 loqueremur
902 5252 1135 5310 :deitrde
1161 5254 1323 5309 institi
1354 5266 1417 5311 ac
1442 5256 1541 5312 feci
1568 5265 1628 5312 ιιι
1658 5256 1773 5313 lucc
1803 5257 1932 5312 mihi
1968 5271 2112 5327 prae-

594 5453 613 5485 ¹
649 5449 1037 5516 Lov.,i_ndieiw1_t
1057 5450 1337 5516 quodittum
1370 5451 1581 5516 sepeliri.
1617 5454 1963 5516 Expunximus,
1985 5455 2115 5516 quod

531 5513 687 5574 illum,
700 5513 833 5577 quod
846 5513 1098 5577 superﬂuo
1118 5513 1332 5563 additum
1356 5513 1467 5577 est,
1489 5528 1583 5565 nec
1602 5513 1851 5577 reperitur
1873 5516 1922 5564 in

596 5578 617 5608 υ
649 5574 795 5635 aditi,
828 5574 924 5638 fuit
941 5574 1066 5626 utter
1083 5587 1179 5626 eos.
1206 5577 1368 5634 Abest,
1395 5575 1487 5637 fuit
1507 5613 1520 5635 ,
1546 5588 1574 5625 a
1609 5574 1829 5638 pluribus
1852 5584 1956 5627 uss.

596 5637 888 5708 {medium
909 5646 1021 5689 sere
1047 5642 1276 5689 mortuos.
1322 5637 1569 5687 ιιθιιιιιιύιιι
1591 5637 1702 5699 vox,
1749 5642 1986 5699 Mortuus,
2026 5652 2119 5690 nec

535 5706 612 5750 est
629 5705 678 5763 in
701 5705 810 5749 Mss.

598 5763 620 5793 δ
650 5767 725 5808 sic
747 5766 850 5810 Mss.
879 5767 931 5810 Αι
955 5760 1092 5820 editi,
1116 5764 1425 5812 erwatautur.

1308 300 1396 356 DE
1432 297 1616 355 CURA
1657 295 1790 352 PRO
1831 292 2129 350 MORTUIS
2168 292 2514 361 GERENDA,
2558 296 2615 351 S.
2658 296 3025 354 AUGUSTINI
3661 313 3737 372 601

2223 422 2349 465 seus
2373 410 2483 480 ipse
2510 425 2767 480 narraret,
2797 416 3167 474 attestantibus
3187 416 3426 477 honestis
3443 424 3625 483 civibus
3642 434 3740 497 suis,

2222 509 2276 553 et
2303 500 2370 557 de
2400 503 2624 559 mirabili
2649 503 2773 575 ejus
2790 507 3121 577 regritudine,
3154 517 3210 565 ut
3230 510 3458 581 jacuerit
3488 530 3607 585 pene
3637 536 3742 577 mor-

2225 599 2345 647 tuus
2372 610 2468 663 per
2497 594 2611 652 dies
2645 598 2901 668 plurimos
2921 642 2936 667 ,
2964 610 3015 656 et
3044 602 3118 658 ‘de
3150 602 3239 660 illo
3281 607 3388 663 alio
3422 608 3601 669 Curma
3632 616 3747 675 fabro

2223 682 2445 755 ferrario
2463 728 2477 754 ,
2509 686 2647 759 quod
2681 696 3091 750 commemoravi
3119 699 3388 770 superius,
3417 702 3469 760 et
3489 696 3552 762 de
3575 708 3646 767 his
3663 728 3746 770 om-

2223 777 2378 833 nibus
2424 797 2544 852 quae
2578 798 2698 838 cum
2746 787 2871 839 mihi
2903 788 3132 859 diceret,
3173 794 3335 848 etiam
3390 805 3511 853 tunc
3531 802 3592 856 ab
3616 803 3688 860 illo
3707 825 3749 863 se

2222 868 2434 928 audisse
2462 873 2765 931 recolebant
2788 887 2948 949 atque
2983 880 3285 941 firmabant.
3313 885 3646 956 Quamobrem
3669 899 3750 957 sic-

2221 973 2281 1019 ut
2318 964 2448 1021 vidit
2489 967 2808 1062 baptismum
2837 989 3030 1040 sunm,
3069 988 3124 1032 et
3164 996 3252 1036 me
3279 981 3487 1050 ipsum,
3516 999 3567 1044 et
3599 990 3751 1062 Hippo-

2223 1071 2383 1123 nem,
2423 1068 2478 1113 et
2508 1061 2816 1128 basilicam,
2858 1077 2910 1121 et
2956 1068 3323 1139 baptisterium
3348 1115 3365 1137 ,
3412 1091 3515 1132 non
3551 1079 3598 1135 in

2224 1148 2387 1218 ipsis,
2421 1151 2514 1207 sed
2560 1152 2610 1207 in
2636 1156 2952 1224 quibusdam
2992 1161 3435 1223 similitudinibus
3476 1186 3670 1239 rerum;
3699 1179 3753 1232 ita

2222 1246 2277 1293 et
2318 1241 2449 1295 alios
2495 1245 2753 1314 quosdam
2798 1250 2943 1306 vivos
2963 1293 2977 1318 ,
3007 1252 3211 1310 eisdem
3241 1257 3596 1319 nescientibus
3619 1266 3750 1323 vivis:

2291 1325 2516 1388 CAPUT
2543 1333 2678 1389 Xlll.
2701 1339 3106 1399 —Mortuorum
3135 1350 3324 1403 anima:
3355 1367 3458 1406 non
3475 1354 3755 1413 iuta-suntre-

2221 1420 2313 1514 bus
2336 1424 2621 1479 viventium.
2654 1429 2760 1482 Cur
2785 1447 2888 1485 non
2919 1449 3047 1504 ergo
3073 1436 3144 1491 ita
3169 1446 3225 1494 et
3253 1439 3655 1514 illos‘mortuos,
3675 1449 3754 1506 eis-

2221 1508 2342 1565 dem
2369 1515 2724 1573 nescientibus
2748 1523 2969 1579 mortuis
2997 1524 3025 1577 *ἲ

2296 1602 2381 1696 l6.
2405 1604 2512 1659 Cur
2538 1619 2642 1661 non
2679 1609 2806 1665 istas
2831 1616 3166 1682 operationes
3191 1620 3463 1690 angelius
3484 1625 3754 1696 credimus‘,

2225 1709 2319 1764 per
2345 1692 2796 1765 dispensationem
2843 1708 3188 1773 providentia:
3222 1713 3316 1768 Dei
3357 1714 3493 1772 bene
3520 1721 3687 1777 utentis

2222 1785 2377 1841 bonis
2404 1797 2459 1843 et
2488 1792 2661 1858 malis,
2706 1797 3001 1854 secundum
3041 1801 3440 1860 inscrutabilem
3476 1808 3755 1868 altitudinem

2218 1875 2538 1946 jndieiorum
2586 1888 2881 1953 suorum?
2929 1888 3041 1947 sive
3093 1892 3426 1952 instruantur
3477 1897 3593 1956 hinc
3637 1918 3753 1959 men-

2225 1980 2305 2025 tes
2336 1974 2668 2041 mortalium,
2698 1979 2809 2033 sive
2832 1978 3081 2036 fallantur
3107 2025 3121 2049 ,
3153 1986 3269 2041 sive
3294 1990 3652 2059 consolentur,
3671 1995 3757 2051 sive

2226 2070 2525 2119 terreantur
2567 2084 2580 2121 :
2613 2068 2748 2124 sicut
2770 2072 3050 2144 unicuique
3071 2080 3152 2130 vel
3180 2079 3470 2147 praebenda
3500 2089 3578 2138 est
3596 2084 3754 2141 miseri-

2224 2154 2403 2209 cordia
2427 2198 2440 2219 ,
2468 2158 2548 2212 vel
2588 2159 2866 2231 irroganda
2892 2164 3150 2233 vindicta,
3181 2170 3253 2225 ab
3288 2171 3383 2225 illo
3408 2174 3492 2228 cui
3513 2176 3737 2232 misericor

2222 2240 2364 2300 diam
2395 2257 2449 2302 et
2471 2248 2728 2319 judicium
2759 2269 2867 2309 non
2893 2256 3120 2314 inaniter
3142 2270 3326 2317 cantat
3360 2262 3589 2321 Ecclesia
3610 2267 3627 2340 (
3646 2265 3751 2324 Psal.

2224 2354 2276 2403 c,
2306 2340 2394 2413 1).
2427 2341 2496 2398 Ut
2524 2344 2664 2401 volet
2689 2348 2912 2418 accipiat
2937 2352 3162 2422 quisque
3180 2354 3330 2424 quod
3356 2355 3543 2414 dicam.
3569 2358 3755 2415 Sirebus

2194 2428 2511 2505 iviventiutn
2561 2435 2880 2494 interessent
2931 2440 3124 2498 animae
3171 2455 3506 2504 mortuorum
3536 2490 3551 2517 ,
3591 2457 3637 2506 et
3659 2451 3752 2520 ipsa
3828 2468 3831 2507 ι

2225 2537 2323 2578 nos
2346 2565 2360 2589 ,
2394 2525 2606 2595 quando
2634 2543 2728 2584 eas
2758 2531 3029 2600 videmus,
3056 2533 3463 2607 alloqucrentur
3486 2541 3536 2596 in
3569 2542 3753 2608 somnis;

2225 2622 2283 2668 ut
2309 2614 2378 2670 de
2402 2616 2520 2672 aliis
2560 2627 2759 2675 taceam
2785 2661 2798 2686 ,
2834 2639 2919 2680 me
2959 2626 3130 2694 ipsum
3168 2629 3253 2699 pia
3286 2640 3459 2688 mater
3487 2634 3616 2689 nulla
3639 2643 3752 2690 nocte

2225 2703 2539 2773 desereret,
2573 2726 2691 2780 quae
2733 2722 2875 2769 terra
2902 2718 3141 2788 marique
3172 2730 3360 2778 secuta
3389 2732 3473 2780 est
3507 2733 3560 2779 ut
3594 2740 3750 2782 mecum

2223 2798 2447 2854 viveret.
2477 2800 2630 2858 Absit
2670 2806 2813 2860 enim
2855 2817 2911 2862 ut
2940 2808 3074 2865 facta
3113 2812 3184 2868 sit
3224 2815 3336 2871 vita
3363 2816 3585 2875 feliciore
3608 2819 3752 2874 crude

2224 2890 2308 2957 lis,
2358 2908 2526 2964 usque
2555 2896 2689 2953 adeo
2733 2908 2789 2954 ιιι
2817 2901 3029 2971 quando
3064 2904 3270 2976 aliquid
3312 2909 3459 2980 angit
3489 2924 3577 2964 cor
3599 2924 3747 2971 metuit.
3830 2914 3831 2943 ξ

2226 2998 2326 3039 nec
2373 2986 2576 3042 tristem
2626 2989 2791 3045 tilium
2823 2995 3158 3064 consoletur,
3198 3013 3362 3067 quem
3402 3000 3577 3056 dilexit
3609 3000 3745 3064 unice,

2225 3092 2385 3145 quem
2415 3094 2684 3150 nunquam
2712 3084 2877 3138 voluit
2903 3095 3151 3142 incestum
3184 3089 3393 3147 videre.
3424 3091 3527 3147 Sed
3563 3090 3761 3161 profecto.
3830 3112 3831 3115 η

2224 3169 2365 3239 quod
2399 3186 2551 3226 sacer
2589 3174 2830 3231 Psalmus
2856 3187 3129 3246 personat,
3159 3195 3353 3236 verum
3378 3192 3462 3238 est
3503 3201 3517 3238 :
3555 3181 3747 3247 Quonim

2227 3270 2369 3331 pater
2408 3280 2546 3319 meus
2591 3277 2638 3319 et
2682 3280 2841 3322 mater
2867 3286 2978 3323 mea
3016 3272 3392 3341 dereliquerunt
3422 3292 3498 3331 me
3520 3318 3533 3340 ,
3556 3275 3747 3330 Dominus
3830 3310 3831 3343 ι

2224 3364 2393 3408 autem
2412 3359 2684 3428 assumpsit
2715 3377 2794 3414 me
2814 3362 2831 3430 (
2855 3360 3001 3416 Psal.
3036 3380 3177 3430 xm,
3213 3365 3285 3421 i0
3304 3366 3345 3437 ).
3370 3367 3424 3423 Si
3452 3383 3571 3438 ergo
3599 3366 3747 3421 ὀθιάὶ·
3830 3392 3831 3439 ξ

2223 3456 2452 3517 querunt
2492 3463 2590 3504 nos
2619 3463 2865 3519 parentes
2895 3456 3098 3522 nostri,
3134 3459 3407 3527 quomodo
3439 3459 3616 3514 nostris
3642 3457 3755 3511 curis
3826 3444 3831 3527 ἶ

2225 3545 2279 3591 et
2306 3538 2466 3593 rebus
2496 3540 2759 3597 intersunt
2785 3544 2809 3597 ?
2833 3542 2889 3599 Si
2914 3554 3091 3601 autem
3122 3558 3374 3617 parentes
3399 3565 3499 3605 non
3521 3551 3744 3610 intersuuh

2225 3631 2314 3699 qui
2356 3642 2480 3687 sunt
2507 3635 2594 3689 alii
2626 3645 2960 3692 mortuorum
3000 3639 3090 3709 qui
3128 3642 3522 3714 noverintequid
3542 3653 3742 3712 agamuS.

2223 3722 2416 3792 quidve
2460 3725 2721 3794 patiamur
2749 3726 2772 3780 ?
2800 3726 2961 3783 Isaias
2999 3731 3254 3800 propheta
3287 3733 3416 3789 dicit
3444 3752 3456 3787 :
3493 3732 3561 3786 Tu
3581 3747 3625 3786 es
3648 3729 3743 3784 alii»

2226 3824 2367 3885 pater
2391 3827 2555 3872 uoster
2586 3835 2606 3883 ;
2635 3820 2754 3889 quia
2774 3820 3029 3875 Abraham
3055 3824 3261 3877 nescivit
3276 3842 3381 3882 ,nos
3399 3866 3416 3892 ,
3442 3835 3486 3880 et
3510 3823 3655 3879 Israel
3671 3836 3742 3875 non
3830 3884 3831 3891 γ

2223 3909 2452 3979 cognovit
2480 3926 2571 3965 nos
2598 3910 2749 3982 (Isdi.
2778 3929 2900 3968 ant
2920 3956 2933 3978 ,
2959 3913 3069 3986 16).
3101 3915 3156 3971 Si
3188 3919 3319 3973 tanti
3342 3916 3635 3972 Patriarclne
3650 3910 3742 3984 quid

2223 4014 2346 4071 erga
2386 4003 2636 4071 populum
2674 4019 2737 4058 ex
2775 4004 2861 4059 bis
2899 4016 3234 4076 procreatum
3262 4018 3505 4080 ageretur
3528 4010 3741 4079 ignorave-

2224 4100 2366 4158 runl,
2396 4093 2589 4162 quibus
2618 4094 2724 4150 Deo
2748 4096 3085 4153 credentibus
3107 4101 3338 4170 populus
3364 4102 3471 4172 ipse
3493 4100 3556 4155 de
3581 4098 3741 4152 illorum

2224 4183 2390 4252 stirpe
2420 4186 2712 4254 promissus
2737 4198 2819 4243 est
2860 4204 2876 4253 ;
2906 4191 3175 4259 quomodo
3214 4193 3408 4247 mortui
3443 4192 3651 4245 vivorum
3673 4200 3736 4240 re.

2222 4273 2322 4330 bus
2348 4285 2510 4346 atque
2551 4278 2757 4333 actibus
2794 4281 3177 4350 cognoscendis
3219 4283 3615 4355 adjuvandisque
3645 4278 3734 4333 mis-

2223 4376 2413 4422 centur
2440 4368 2464 4421 ἲ
2491 4367 2773 4435 Quomodo
2793 4371 3019 4426 dicimus
3042 4374 3121 4428 eis
3161 4372 3323 4430 fuisse
3348 4374 3643 4435 consultum,
3671 4366 3737 4438 qui

2223 4458 2468 4515 obierunt
2487 4470 2767 4532 antequam
2799 4464 3041 4520 venirent
3068 4466 3206 4520 mala
3226 4483 3347 4539 qua:
3368 4468 3562 4522 illorum
3584 4462 3742 4518 obitum.

2222 4562 2507 4626 consecuta
2536 4564 2657 4610 sunt
2678 4595 2701 4620 ,η
2719 4556 2763 4610 si
2788 4565 2844 4611 et
2873 4565 3005 4627 post.
3021 4569 3246 4615 mortem
3275 4559 3729 4628 sontiumquwa-

2222 4661 2327 4715 que
2342 4647 2393 4701 in
2414 4647 2536 4702 vita:
2562 4647 2807 4703 humanae
2832 4650 3130 4706 calamitate
3146 4652 3167 4683 ³
3193 4650 3530 4720 contingunt?
3546 4648 3615 4704 An
3634 4644 3730 4698 forte
3828 4642 3831 4720 γ

2224 4684 2393 4715 νη,
2423 4684 2535 4702 ..κν
2562 4684 2807 4703 ..ωυηηυυ
2832 4684 3130 4706 “numnam
3193 4684 3524 4720 w......,,......
3546 4684 3615 4704 ε...
3634 4684 3729 4698 ..η--

2224 4750 2323 4790 nos
2357 4737 2587 4792 errando
2616 4737 2715 4793 ista
2760 4739 3022 4807 dicimus,
3065 4740 3247 4795 ethos
3274 4750 3507 4811 putamus
3541 4736 3725 4807 quietoS.
3828 4684 3831 4779 Ι

2222 4840 2358 4896 quos
2392 4826 2623 4897 inquieta
2656 4829 2759 4882 vita
2791 4828 3028 4884 vivorum
3064 4829 3357 4886 sollicitat?
3393 4826 3518 4897 Quid
3539 4832 3608 4880 est
3635 4830 3727 4888 ετεο

2223 4917 2362 4989 quod
2396 4918 2635 4989 piissimo
2661 4921 2769 4991 regi
2792 4919 2951 4975 Josize
2973 4935 3068 4991 pro
3093 4935 3285 4993 magno
3314 4916 3553 4977 beneflcio
3576 4906 3722 4984 prome

2222 5012 2293 5068 sit
2313 4998 2453 5068 Deus
2470 5054 2484 5079 ,
2517 5012 2655 5082 quod
2683 5021 2825 5068 esset
2852 5023 2974 5068 ante
3001 5014 3407 5080 moriturus,”
3431 5008 3607 5067 videret
3620 4997 3722 5055 mih

2222 5122 2343 5178 qua:
2365 5116 2589 5162 ventura
2621 5107 2694 5161 illi
2724 5107 2842 5162 loco
2864 5115 2920 5161 et
2957 5107 3152 5178 populo
3179 5101 3503 5162 minabatur!
3526 5097 3630 5166 Qua!
3652 5086 3718 5145 Dei

2222 5199 2385 5254 verba
2436 5198 2554 5253 ista
2587 5207 2713 5253 sunt
2764 5216 2777 5252 :
2829 5197 2953 5253 llaec
2981 5198 3100 5252 dicit
3127 5197 3370 5255 Dominus
3405 5194 3529 5250 Deus
3561 5180 3686 5243 Israel
3704 5191 3721 5231 ἔ

2235 5290 2396 5345 Verba
2422 5306 2534 5344 mea
2560 5306 2674 5360 qua:
2701 5290 2887 5344 audisti
2904 5331 2919 5355 ,
2951 5299 2998 5344 et
3025 5290 3209 5344 ueritus
3232 5307 3283 5346 es
3305 5306 3336 5343 a
3373 5276 3493 5358 faeie
3514 5293 3604 5336 mea
3632 5281 3715 5327 σωκ

2223 5382 2431 5450 audisti,
2452 5398 2567 5444 quin
2590 5382 2786 5436 locutus
2806 5398 2916 5437 sum
2936 5381 3001 5437 de
3024 5383 3121 5438 ista
3139 5383 3252 5438 loco
3270 5424 3285 5452 ,
3305 5390 3352 5437 et
3371 5379 3450 5451 qui
3471 5376 3709 5432 comm

2252 5698 2262 5708 .
2290 5636 2306 5667 ι
2342 5641 2468 5683 Unus
2491 5645 2523 5682 e
2545 5631 2778 5682 Vaticanis
2819 5638 2920 5680 MSS.
2942 5664 2955 5690 ,
3005 5627 3246 5693 crediauts
3280 5622 3389 5693 ﬁeri
3412 5632 3488 5686 per
3524 5610 3706 5672 ἀέκων

2225 5707 2414 5749 “0mm-
3522 5739 3530 5749 .
3571 5728 3608 5749 Α

2290 5732 2471 5806 iiiis
2503 5769 2530 5804 ρ
2569 5755 2803 5804 Vaticanis
2844 5760 2981 5814 Μέθη
3029 5754 3077 5803 in
3122 5752 3431 5804 31.1113333th
3468 5732 3698 5793 (statutth
