3860 6284
63 340 151 399 605

61 463 126 506 tur
148 453 194 505 in
215 467 286 515 eo,
315 458 366 502 ut
391 448 654 503 deseratur
680 457 726 502 et
752 449 803 502 in
830 449 1092 503 maledicto
1113 449 1178 503 sit
1204 467 1222 515 ;
1249 459 1292 504 et
1319 451 1605 504 conscidisti

61 544 308 601 vestimenta
330 552 413 593 tua
431 583 447 604 ,
480 549 535 594 et
558 538 740 610 ﬂeuisti
769 540 820 593 in
847 549 1120 610 conspectu
1155 551 1264 595 meo
1286 583 1300 606 ,
1330 550 1375 594 et
1400 553 1489 612 ego
1515 557 1607 595 au-

62 633 170 695 diri,
196 631 313 684 dixit
348 627 600 684 Dominus
629 627 838 683 sabaoth
865 646 883 684 :
916 646 1015 683 non
1045 633 1116 684 sic
1137 673 1152 697 ,
1185 647 1295 684 ecce
1328 647 1418 703 ego
1446 647 1608 703 appo-

62 740 154 777 nam
177 733 218 776 te
245 720 308 773 ad
344 730 511 790 patres
544 729 654 773 tuos
680 763 692 784 ,
716 729 762 773 et
784 722 1056 791 apponeris
1085 738 1199 774 cum
1237 739 1363 788 pace
1395 733 1477 786 ;et
1504 741 1604 778 non

61 816 249 868 ridebunt
268 811 396 865 oculi
422 813 498 864 tui
517 812 689 866 omnia
713 812 849 865 mala
869 829 982 884 qua:
1002 829 1090 884 ego
1114 814 1298 867 induco
1327 815 1342 846 ί
1366 815 1416 868 in
1439 815 1607 869 locum

63 908 187 967 hunc,
205 912 246 956 et
267 901 348 964 qui
373 911 756 955 commorantur
778 903 828 956 in
851 919 908 956 eo
935 902 1022 972 (IV
1055 901 1177 974 Reg.
1209 919 1359 969 xx",
1390 905 1602 978 18-20).

61 995 254 1048 Territus
288 992 386 1046 iSte
431 991 528 1047 Dei
581 993 1080 1048 comminationibus
1120 993 1372 1060 lleverat,
1407 1004 1455 1050 et
1511 1011 1605 1050 sua

62 1084 318 1140 vestimenta
346 1082 718 1147 consciderat;
739 1093 792 1138 et
822 1084 882 1138 lit
909 1085 1146 1139 omnium
1178 1086 1438 1139 malorum
1469 1085 1608 1140 futu-

63 1183 199 1231 rorum
233 1173 296 1229 de
325 1185 678 1244 properatum
716 1184 888 1230 morte
931 1191 1184 1240 securus,
1215 1175 1355 1245 quod
1403 1179 1473 1232 ita
1517 1195 1604 1234 re-

63 1268 284 1337 quieturus
325 1275 470 1321 esset
504 1267 570 1320 in
615 1281 776 1335 pace,
812 1276 866 1321 ut
900 1267 989 1322 illa
1026 1269 1204 1322 omnia
1236 1284 1340 1323 non
1377 1269 1603 1324 videret.

66 1359 116 1413 lbi
148 1372 256 1427 ergo
291 1366 414 1411 sunt
455 1357 684 1426 spiritus
725 1357 1097 1414 defunctorum
1121 1403 1135 1426 ,
1167 1361 1255 1416 ubi
1286 1377 1391 1415 non
1424 1361 1607 1418 vident

69 1463 350 1520 quacumque
379 1459 620 1518 aguntur
659 1458 750 1503 aut
779 1451 1037 1504 eveniunt
1082 1452 1132 1505 in
1165 1451 1262 1506 ista
1293 1452 1397 1506 vita
1430 1452 1604 1507 homi-

75 1539 191 1592 nibus.
218 1538 492 1606 Quomodo
521 1555 652 1609 ergo
679 1540 858 1594 vident
887 1541 1116 1596 tumulos
1159 1556 1285 1596 suos
1305 1585 1319 1607 ,
1352 1543 1442 1597 aut
1477 1560 1600 1598 cor-

73 1645 155 1697 pora
187 1643 300 1693 sua,
334 1637 512 1683 utrum
547 1630 756 1699 abjecta
792 1629 1037 1699 jaceant,
1069 1645 1135 1686 an
1172 1633 1420 1701 sepulta?
1457 1634 1604 1700 Quo-

70 1719 184 1772 modo
212 1720 466 1773 intersunt
499 1719 736 1773 miseria:
776 1720 1048 1787 vivorum,
1095 1734 1214 1775 cum
1256 1722 1336 1776 vel
1367 1737 1462 1776 sua
1505 1723 1604 1792 ipsi

67 1810 164 1863 mala
187 1809 472 1880 patiantur,
507 1810 554 1864 si
606 1811 726 1865 talia
764 1811 952 1865 merita
978 1821 1362 1867 contraxerunt
1395 1831 1410 1879 ;
1441 1814 1522 1867 vel
1552 1815 1603 1868 in

69 1916 162 1971 pace
194 1903 555 1970 requiescant,
591 1903 729 1956 sicut
772 1902 896 1957 huic
924 1903 1084 1958 Josize
1127 1905 1446 1974 promissum
1489 1915 1602 1976 est,

67 1995 127 2047 ubi
167 1995 282 2048 mala
323 1985 428 2048 ulla
474 2009 583 2050 nec
627 1994 873 2064 patiendo
903 2009 1002 2052 nec
1031 1997 1405 2066 compatiendo
1447 2001 1608 2054 susti-

71 2094 220 2150 neant,
265 2086 467 2141 liberati
515 2086 590 2140 ab
617 2087 863 2141 omnibus
907 2087 1060 2142 malis
1102 2104 1220 2158 qua:
1266 2090 1513 2158 patiendo
1551 2100 1605 2146 ct

67 2176 408 2244 compatiendo,
436 2170 573 2230 eum
609 2175 693 2232 hic
723 2178 993 2255 viverent,
1027 2180 1405 2234 sustinebant?

123 2262 306 2323 CAPUT
341 2267 486 2322 XIV.
531 2297 614 2308 —
651 2268 738 2322 17.
783 2267 1008 2339 Objectio
1041 2270 1278 2324 adversus
1321 2271 1602 2342 superiora.

72 2359 223 2413 Dixerit
252 2359 438 2429 aliquis
471 2377 485 2414 :
531 2357 593 2414 Si
625 2360 766 2415 nulla
798 2368 880 2414 cst
919 2361 1144 2415 mortuis
1187 2377 1314 2416 cura
1340 2361 1408 2416 de
1438 2362 1602 2430 vivis,

72 2448 278 2519 quomodo
306 2449 392 2505 ille
415 2451 576 2506 dives
605 2451 692 2520 qui
716 2449 855 2522 apud
888 2449 1088 2505 inferos
1115 2451 1480 2522 torquebatur,
1513 2468 1604 2508 ro-

71 2541 182 2608 διώξει
198 2541 446 2597 Abraham
473 2551 707 2612 patrem,
733 2550 790 2596 ut
816 2543 1052 2598 mitteret
1076 2543 1332 2598 Lazarum
1357 2545 1423 2599 ad
1449 2547 1604 2615 quin-

73 2646 142 2698 que
164 2631 328 2687 fratres
355 2648 482 2688 suos
529 2632 769 2687 nondum
801 2642 1058 2698 mortuos,
1091 2642 1144 2688 et
1174 2637 1353 2704 ageret
1377 2649 1496 2690 cum
1526 2636 1605 2691 eis

73 2736 117 2775 ne
150 2723 364 2779 venirent
394 2733 448 2781 et
479 2726 585 2796 ipsi
617 2725 666 2780 in
691 2724 937 2781 eumdem
979 2735 1364 2782 tormentorum
1393 2728 1606 2784 locum?

73 2812 146 2867 Sed
159 2815 384 2886 numquid
403 2818 524 2886 quia
561 2814 661 2871 hoc
679 2817 766 2870 ille
786 2815 934 2871 dives
961 2816 1112 2883 dixit,
1133 2818 1254 2872 ideo
1273 2817 1398 2888 quid
1415 2818 1606 2875 fratres

73 2915 236 2972 agerent
257 2907 334 2960 vel
371 2906 496 2977 quid
551 2915 859 2976 paterentur
884 2907 979 2961 illo
1018 2916 1280 2977 tempore,
1311 2909 1500 2963 scivit?
1529 2910 1604 2965 Ita

76 2992 125 3047 illi
144 2993 220 3050 iuit
241 3011 354 3051 cura
383 2997 449 3052 de
487 2997 658 3063 vivis,
691 2997 933 3068 quamvis
974 2999 1097 3067 quid
1125 3009 1344 3068 agerent
1388 3000 1604 3055 omnino

77 3089 275 3152 nesciret;
304 3089 753 3160 quemadmodum
791 3098 873 3146 est
910 3091 1063 3146 nobis
1091 3107 1219 3147 cura
1261 3093 1327 3148 de
1358 3094 1601 3162 mortuis,

77 3181 255 3246 quamvis
277 3182 394 3252 quid
420 3191 589 3253 agant
609 3185 790 3252 utique
811 3183 1128 3238 nesciamus.
1153 3183 1285 3237 Nam
1312 3185 1355 3238 si
1379 3185 1509 3238 nihil
1538 3185 1605 3240 de

78 3271 243 3327 mortuis
260 3288 588 3338 curaremus,
617 3288 720 3327 non
745 3273 924 3342 utique
949 3288 1047 3343 pro
1071 3272 1175 3328 illis
1199 3273 1305 3328 Deo
1333 3274 1602 3342 snpplica-

76 3373 224 3414 remus.
247 3363 468 3434 Denique
494 3363 770 3418 Abraham
796 3378 894 3418 nec
913 3362 1171 3418 Lazarum
1192 3365 1356 3431 misit,
1384 3375 1438 3419 et
1461 3365 1605 3436 Moy-

77 3454 169 3506 sen’
188 3469 238 3509 ac
260 3455 555 3526 PrOphetas
584 3455 668 3510 hic
693 3471 786 3512 eos
809 3455 1005 3512 habere
1029 3455 1333 3526 respondit,
1359 3473 1492 3527 quos
1513 3471 1606 3512 an—

78 3540 158 3597 dire
180 3544 428 3614 deberent,
456 3558 515 3603 ut
554 3548 617 3602 ad
647 3549 735 3604 illa
765 3549 1020 3620 supplicia
1061 3563 1165 3603 non
1197 3551 1456 3604 venirent.
1505 3550 1603 3607 Ubi

79 3647 216 3689 rursus
248 3639 467 3693 occurrit
494 3638 769 3710 quomodo
799 3639 924 3709 quid
953 3639 1040 3694 hic
1066 3650 1310 3710 ageretur
1335 3640 1602 3695 Abraham

82 3733 188 3788 pater
206 3726 303 3796 ipse
328 3730 624 3794 nesciebat,
659 3730 746 3786 ubi
775 3729 975 3785 sciebat
1003 3745 1121 3784 esse
1146 3729 1361 3802 Moysen
1391 3741 1444 3786 et
1471 3731 1604 3785 Pro-

83 3813 314 3884 phetas,id
355 3831 464 3889 est,
515 3822 684 3876 libros
713 3836 932 3888 eorum,
959 3821 1152 3891 quibus
1197 3821 1436 3876 homines
1478 3822 1605 3878 obe-

81 3903 221 3962 dieudo
243 3919 488 3969 lamenta
517 3912 726 3968 inferna
751 3913 772 3943 ³
795 3913 1053 3968 evitarent
1077 3932 1090 3967 :
1121 3912 1206 3967 ubi
1236 3912 1462 3982 denique
1501 3929 1598 3967 no-

81 4008 185 4052 verat
207 3999 400 4058 divitem
443 4004 596 4059 illum
629 4004 680 4058 in
709 4002 934 4068 deliciis,
964 4017 1250 4074 pauperem
1283 4019 1410 4058 vero
1437 4003 1602 4058 Laza-

83 4098 164 4140 rum
187 4089 230 4144 in
262 4091 524 4150 laboribus
565 4094 944 4165 doloribusque
981 4095 1197 4151 vixisse.
1229 4095 1360 4150 Nam
1408 4107 1461 4150 et
1500 4096 1604 4152 hoc

85 4174 132 4229 illi
147 4180 238 4234 ait:
263 4183 530 4252 Memento,
563 4187 657 4255 ﬁli,
691 4187 808 4254 quia
835 4187 1101 4256 percepisti
1127 4187 1254 4241 bona
1279 4189 1332 4241 in
1362 4187 1463 4240 vita
1495 4195 1601 4255 tua,

84 4265 254 4326 Lazarus
291 4286 447 4330 autem
492 4277 652 4330 mala.
695 4277 906 4333 Sciebat
933 4293 1060 4348 ergo
1103 4277 1238 4342 haec,
1270 4294 1387 4348 quas
1425 4279 1606 4348 utique

85 4359 182 4424 apud
200 4363 346 4429 vivos,
374 4381 476 4422 non
523 4367 661 4437 apud
699 4377 936 4422 mortuos
963 4375 1107 4438 gesta
1151 4368 1374 4422 fuerant.
1405 4367 1603 4423 Verum

86 4457 161 4500 non
182 4463 283 4506 cum
319 4464 602 4526 agerentur
629 4457 684 4511 in
711 4456 847 4511 vivis
871 4498 885 4523 ,
931 4456 1025 4512 sed
1055 4457 1134 4512 eis
1170 4457 1393 4512 mortuis
1435 4458 1606 4527 potuit

90 4532 237 4597 lazaro
265 4543 521 4602 indicante
547 4562 908 4618 cognoscere,
949 4563 1015 4602 ne
1043 4547 1227 4602 falsum
1258 4549 1328 4603 sit
1355 4548 1495 4619 quod
1529 4548 1604 4605 ait

91 4633 312 4703 Propheta,
341 4639 592 4694 Abraham
620 4640 822 4695 nescivit
850 4657 962 4695 nos.

138 4721 320 4783 CAPUT
355 4730 464 4786 XV.
493 4763 565 4773 —
596 4733 680 4788 l8.
713 4731 905 4786 Μοτιυὶ
933 4733 1182 4804 quomodo
1201 4733 1359 4787 sciant
1385 4734 1508 4803 quid
1523 4734 1604 4787 hic

93 4822 240 4878 agatur.
259 4818 475 4878 Proinde
499 4823 766 4878 fatendum
795 4831 877 4878 est
897 4823 1100 4878 nescire
1125 4823 1336 4893 quidem
1362 4834 1606 4881 mortuos

95 4902 183 4967 quid
202 4905 273 4964 hic
297 4921 496 4983 agatur,
524 4915 618 4970 sed
639 4915 764 4970 dum
792 4914 877 4970 hic
907 4914 1080 4985 agitur
1106 4932 1120 4967 ε
1151 4923 1333 4984 postea
1361 4931 1486 4972 vero
1510 4931 1603 4971 au-

95 4988 178 5046 dire
196 4997 252 5051 ab
275 5002 346 5056 eis
369 5006 454 5074 qui
485 5005 607 5061 hinc
635 5005 701 5061 ad
740 5020 835 5061 eos
872 5005 1148 5061 moriendo
1187 5005 1446 5077 pergunt;
1494 5022 1600 5063 non

95 5081 258 5145 quidem
280 5094 460 5160 omnia,
489 5096 582 5152 sed
605 5109 724 5167 quae
749 5096 997 5151 sinuntur
1021 5095 1276 5162 indicare,
1303 5097 1391 5166 qui
1417 5097 1602 5152 sinun-

99 5175 157 5257 ων
178 5175 310 5234 etiam
333 5182 423 5238 ista
458 5187 793 5252 meminisse;
825 5195 880 5242 et
915 5202 1034 5257 quae
1075 5187 1223 5254 illos,
1251 5187 1442 5256 quibus
1486 5187 1600 5243 haec

100 5256 296 5336 indicant,
321 5285 519 5343 oportet
555 5278 760 5334 audire.
791 5256 1019 5335 Possunt
1047 5285 1102 5334 et
1145 5277 1212 5332 ab
1243 5279 1478 5348 Angelis,
1510 5279 1598 5348 qui

103 5349 221 5410 τθδῑῑε
240 5372 340 5428 qua:
363 5376 576 5436 aguntur
613 5369 721 5436 hic,
752 5378 949 5441 praesto
977 5377 1095 5424 sunt
1120 5408 1134 5434 ,
1177 5369 1359 5424 audire
1400 5368 1598 5439 aliquid

105 5448 277 5515 mortui,
308 5457 435 5523 quod
469 5475 889 5532 unumquemque
931 5461 1140 5516 illorum
1183 5460 1364 5517 audire
1404 5459 1598 5516 debere

152 5577 168 5668 ἔ
418 5594 556 5675 sitio
575 5596 1070 5675 .Eav-eedreae:-_,,__

195 5643 256 5721 sic
284 5635 402 5708 liii—ilva
565 5635 1179 5721 “pictosque
1229 5656 1589 5720 manuscrlptos.

197 5765 282 5818 sola
300 5773 426 5824 editio
446 5765 572 5840 me;
591 5765 777 5844 arias.

1444 337 1640 393 LIBER
1682 340 1878 400 UNL'S.

3197 365 3303 422 606

1709 455 1911 524 judicat
1934 460 2016 514 cui
2042 472 2228 518 cuncta
2251 466 2485 536 subjecta
2516 478 2658 524 sunt.
2681 470 2792 528 Nisi
2812 475 2953 529 enim
2981 487 3160 534 essent
3183 483 3295 536 An-

1712 551 1818 620 geli
1849 553 1934 621 qui
1979 566 2194 624 possent
2237 559 2491 616 interesse
2521 571 2574 617 et
2603 563 2840 620 vivorum
2883 576 2931 622 et
2966 577 3296 628 mortuorum

1714 641 1864 706 locis,
1897 659 2001 698 non
2027 645 2247 702 dixisset
2273 649 2524 707 Dominus
2541 653 2698 709 Jesus
2722 673 2733 707 :
2759 654 2976 729 Contigit
2999 665 3164 714 autem
3190 679 3298 716 mo-

1711 733 1757 785 ri
1781 734 1980 805 inapem
2003 737 2168 803 illum,
2201 750 2246 793 et
2276 742 2466 811 auferri
2493 745 2552 797 ab
2580 745 2786 816 Angelis
2811 747 2863 802 in
2892 751 3056 804 sinum
3083 753 3302 809 Abrahae

1717 823 1863 895 (an.
1895 843 2004 891 xvi,
2032 828 2234 900 22-29).
2263 832 2412 887 Nunc
2433 850 2559 905 ergo
2588 836 2692 904 hic,
2719 848 2858 893 nunc
2885 841 2952 895 ibi
2975 857 3094 897 esse
3116 853 3305 912 potue-

1713 926 1866 977 runt.
1901 920 1987 988 qui
2029 919 2151 975 hinc
2193 921 2315 979 illuc
2351 937 2507 996 quem
2554 928 2694 984 Deus
2740 931 2904 986 voluit
2946 935 3296 992 abstulerunt.

1713 1009 1942 1065 Possunt
1990 1014 2148 1067 etiam
2194 1016 2409 1086 spiritus
2451 1029 2781 1076 mortuorum
2831 1025 3002 1096 aliqua
3052 1045 3168 1098 quae
3214 1030 3301 1086 hic

1712 1111 1938 1171 aguntur
1967 1120 2085 1172 qua:
2114 1109 2471 1162 necessarium
2500 1121 2580 1164 est
2605 1128 2698 1167 eos
2739 1130 2894 1169 nosse
2916 1159 2929 1182 ,
2960 1126 3013 1172 et
3036 1135 3168 1189 quos
3200 1136 3296 1176 ne-

1711 1194 1999 1247 cessarium
2030 1205 2109 1249 est
2138 1213 2197 1250 ea
2249 1201 2444 1253 nossc‘
2475 1243 2489 1258 .
2545 1219 2650 1257 non
2698 1207 2867 1260 solum
2918 1211 3184 1279 przeterita
3219 1214 3298 1268 vel

1711 1285 2013 1352 pra~sentia,
2058 1303 2240 1342 verum
2273 1293 2430 1345 etiam
2469 1293 2640 1348 futura
2668 1295 2864 1366 Spiritu
2901 1298 2988 1376 Dei
3025 1303 3299 1359 revelante

1711 1388 2034 1444 cognoscere
2064 1396 2076 1432 :
2106 1379 2243 1434 sicut
2268 1399 2371 1436 non
2395 1399 2581 1439 omnes
2609 1385 2869 1452 homines,
2902 1390 2992 1445 sed
3016 1391 3296 1463 Propheta:

1711 1464 1835 1519 dum
1877 1467 1960 1522 hic
1986 1470 2227 1526 viverent
2270 1477 2678 1544 cognoscebant,
2715 1497 2811 1535 nec
2841 1483 2936 1552 ipsi
2969 1487 3168 1554 omnia,
3200 1489 3296 1544 sed

1711 1571 1828 1624 quae
1871 1558 1973 1612 illis
2014 1576 2132 1615 esse
2174 1564 2456 1620 revelanda
2496 1568 2586 1623 Dei
2631 1571 2958 1639 providentia
3003 1577 3294 1647 judicabat.

1711 1641 1841 1700 Mitti
1871 1665 2082 1718 quoque
2108 1652 2172 1706 ad
2204 1654 2349 1708 vivos
2371 1657 2575 1727 aliquos
2597 1677 2662 1714 ex
2686 1664 2932 1730 mortuis,
2961 1667 3095 1722 sicut
3120 1683 3150 1723 e
3171 1684 3298 1724 con-

1712 1740 1874 1792 trario
1894 1740 2087 1796 Paulus
2113 1761 2177 1798 ex
2202 1747 2334 1801 vivis
2360 1749 2410 1802 in
2444 1752 2743 1818 paradisum
2772 1767 2952 1825 raptus
2981 1770 3088 1827 est,
3118 1761 3296 1819 divina

1709 1830 1977 1900 Scriptura
2013 1847 2233 1891 testatur
2264 1839 2328 1912 (ll
2369 1841 2486 1895 Cor.
2530 1861 2624 1913 xn,
2656 1847 2733 1918 2).
2767 1848 2898 1904 Nam
2930 1851 3143 1909 Samuel
3176 1871 3298 1923 pro-

1709 1922 1865 1992 pheta
1897 1925 2174 1985 dcfunctus
2201 1933 2319 1986 vivo
2349 1934 2493 1990 Sauli
2526 1938 2683 1992 etiam
2718 1942 2826 2010 regi
2857 1941 3025 1998 futura
3054 1922 3300 2015 praedixit

1714 2014 1772 2085 (l
1803 2014 1926 2087 Reg.
1976 2036 2158 2088 xxvrn,
2194 2023 2359 2093 7-19)
2398 2044 2410 2079 :
2444 2029 2683 2097 quamvis
2719 2033 2956 2089 nonnulli
2989 2014 3095 2092 non
3125 2040 3297 2109 ipsum

1711 2105 1874 2164 fuisse
1905 2111 1992 2179 qui
2025 2115 2280 2182 potuisset
2325 2120 2543 2186 magicis
2573 2123 2774 2177 artibus
2801 2127 3044 2193 evocari,
3074 2130 3167 2185 sed
3194 2132 3299 2186 ali-

1710 2216 1865 2270 quem
1898 2204 2139 2273 spiritum
2170 2218 2272 2261 tam
2303 2212 2454 2265 malis
2481 2215 2730 2282 operibus
2753 2229 3132 2288 congruentem
3157 2222 3300 2279 illius

1709 2290 2015 2347 existiment
2035 2296 2436 2354 similitudinem
2463 2302 2716 2371 figurasse
2744 2301 2822 2377 (a)
2856 2327 2868 2361 :
2892 2325 3012 2364 cum
3044 2311 3176 2367 liber
3199 2313 3300 2368 Ec-

1710 2377 2056 2448 clesiasticus,
2087 2401 2244 2456 quem
2274 2387 2426 2442 Jesus
2452 2391 2589 2446 ﬁlius
2617 2393 2800 2449 Sirach
2828 2398 3105 2467 scripsisse
3137 2403 3298 2458 tradi-

1710 2478 1813 2538 tur,
1842 2482 1897 2528 et
1930 2486 2146 2546 propter
2175 2479 2368 2551 eloquii
2409 2483 2716 2539 nonnullam
2757 2488 3158 2546 similitudinem
3196 2493 3297 2549 Sa-

1709 2561 1937 2620 lomonis
1965 2571 2336 2637 pronuntiatur
2368 2572 2460 2645 (b),
2485 2578 2753 2632 contineat
2783 2580 2834 2633 in
2868 2581 3021 2637 laude
3056 2595 3290 2654 patrum,

1709 2658 1846 2726 quod
1895 2658 2107 2716 Samuel
2147 2664 2304 2718 ctiam
2359 2677 2600 2723 mortuus
2644 2671 3042 2741 prophetaverit
3090 2676 3294 2746 (Eccli.

1709 2763 1855 2814 XLVI,
1886 2749 1996 2820 23).
2029 2751 2134 2807 Sed
2181 2753 2222 2808 si
2253 2755 2375 2810 huic
2420 2755 2553 2812 libro
2583 2775 2644 2814 ex
2698 2761 3038 2818 liehrmorum
3070 2766 3211 2838 (quia
3243 2771 3296 2824 iu

1709 2853 1892 2894 eorum
1921 2857 2026 2896 non
2055 2844 2158 2915 est)
2185 2861 2388 2902 canone
2428 2851 2839 2918 contradicitur;
2872 2855 2996 2925 quid
3025 2856 3091 2911 de
3119 2859 3297 2930 Moyse

1708 2930 1900 2988 dicturi
1928 2950 2133 3004 sumus,
2164 2939 2250 3009 qui
2279 2950 2422 2994 certe
2450 2952 2501 2995 et
2527 2942 2578 2996 in
2613 2945 3023 3001 Dcuteronnrnio
3054 2961 3296 3007 mortuus

1710 3021 1884 3095 (Deut.
1922 3043 2114 3094 xxxrv,
2138 3027 2215 3100 5),
2241 3039 2294 3085 ct
2324 3031 2374 3086 in
2405 3033 2694 3104 Evangelio
2721 3051 2840 3090 cum
2872 3037 3011 3104 Elia,
3043 3041 3130 3110 qui
3157 3059 3298 3096 rnor-

1711 3125 1830 3170 tuus
1857 3133 1960 3172 non
2009 3128 2122 3186 est,
2156 3121 2348 3191 legitur
2383 3126 2692 3194 apparuisse
2733 3127 3032 3185 viventibus
3063 3132 3078 3202 (
3106 3131 3292 3187 Matth.

1707 3224 1850 3273 xvn,
1879 3210 1976 3281 5)?

1779 3298 2002 3356 CAPUT
2042 3301 2178 3357 XVI.
2207 3335 2279 3344 —
2306 3305 2372 3362 19
2423 3307 2677 3380 Martyres
2711 3312 2884 3367 adesse
2912 3316 3168 3370 nonnullis
3197 3317 3294 3370 ad-

1696 3391 1962 3467 .juvandis.
1994 3393 2252 3458 Quomodo
2281 3408 2524 3469 martyres
2553 3401 2718 3455 adsint
2748 3404 3170 3473 periclitantibus,
3202 3425 3296 3463 ne-

1707 3491 1790 3552 gat
1812 3499 1863 3536 se
1888 3501 2034 3552 posse
2052 3485 2279 3554 deﬁnire.
2308 3488 2440 3544 Ilinc
2465 3501 2514 3545 et
2540 3491 2624 3545 illa
2653 3493 2872 3548 solvitur
2897 3499 3139 3565 qumstio,
3163 3515 3298 3568 quo-

1708 3573 1868 3628 modo
1897 3585 2157 3648 martyres
2185 3577 2312 3648 ipsis
2340 3579 2609 3636 beneficiis
2636 3599 2753 3653 qum
2774 3585 2969 3642 dantur
2997 3591 3292 3658 orantibus,

1708 3664 1944 3721 indicant
1973 3683 2030 3723 se
2058 3669 2314 3725 interesse
2343 3673 2500 3727 rebus
2523 3673 2790 3743 humanis,
2820 3678 2862 3731 si
2884 3681 3125 3735 nesciunt
3147 3698 3294 3738 mor-

1711 3757 1782 3810 tui
1809 3756 1934 3827 quid
1961 3768 2118 3828 agant
2144 3760 2271 3815 vivi.
2297 3760 2413 3816 Non
2440 3762 2580 3818 enim
2607 3766 2735 3821 solis
2758 3767 3136 3826 beneficiorum
3168 3771 3296 3830 clie-

1709 3847 1902 3912 ctibus,
1941 3865 2123 3904 verum
2152 3852 2308 3906 etiam
2342 3852 2473 3922 ipsis
2511 3855 2782 3911 hominum
2826 3861 3130 3929 aspectibus
3160 3877 3290 3918 con-

1708 3937 1967 3994 fessorem
2009 3943 2316 4011 apparuisse
2346 3943 2608 4012 Felicem,
2633 3948 2782 4016 cujus
2811 3948 3178 4019 inquilinatum
3206 3954 3293 4024 pie

1708 4027 1943 4098 diligis‘,
1989 4045 2106 4084 cum
2141 4047 2170 4085 a
2203 4033 2451 4088 Barbaris
2485 4035 2614 4089 Nola
2647 4049 3062 4107 Oppugnaretur,
3089 4042 3296 4097 audivi-

1709 4133 1845 4186 mus,
1871 4137 1974 4176 non
2015 4123 2228 4178 incertis
2257 4127 2578 4193 rumoribus,
2602 4128 2696 4184 sed
2727 4130 2950 4186 testibus
2977 4135 3158 4188 certis.
3193 4135 3291 4190 Ve-

1708 4229 1824 4268 rum
1855 4212 1950 4267 ista
1973 4212 2224 4269 divinitus
2255 4217 2590 4284 exhibentur,
2625 4219 2777 4290 longe
2802 4221 2956 4276 aliter
2981 4239 3138 4293 quam
3169 4240 3291 4281 sese

1707 4303 1867 4358 habet
1903 4305 2130 4360 usitatus
2175 4305 2306 4364 ordo
2341 4307 2560 4379 singulis
2605 4319 2966 4367 creaturarum
3008 4315 3293 4383 generibus

1707 4397 2008 4452 attributus.
2037 4398 2148 4453 Non
2177 4400 2314 4453 enim
2344 4402 2466 4470 quia
2494 4403 2543 4456 in
2575 4402 2754 4457 vinum
2779 4421 2935 4475 aqua,
2965 4421 3086 4462 cum
3116 4407 3287 4462 voluit

1709 4489 1982 4558 Dominus,
2008 4503 2226 4563 repente
2251 4509 2505 4550 conversa
2535 4506 2612 4550 est
2638 4495 2815 4568 (Joan.
2847 4514 2902 4562 n,
2931 4497 3007 4570 9),
3042 4499 3160 4554 ideo
3181 4515 3288 4555 non

1707 4579 1964 4637 debemus
1989 4625 2002 4648 ,
2035 4581 2162 4653 quid
2193 4599 2326 4654 aqua
2369 4586 2538 4641 valeat
2579 4588 2630 4640 in
2663 4587 3046 4643 elementorum
3100 4590 3292 4648 ordine

1708 4673 1941 4742 proprio,
1970 4674 2036 4728 ah
2061 4675 2211 4730 istius
2240 4675 2401 4730 divini
2433 4678 2609 4746 operis
2633 4679 2847 4734 raritate
2872 4681 2954 4735 vel
2981 4681 3156 4750 potius
3177 4682 3293 4738 sin-

1705 4762 1984 4832 gularitate
2012 4763 2318 4822 discernere
2351 4785 2362 4820 :
2397 4783 2492 4822 nec
2535 4769 2783 4837 quoniam
2829 4770 3060 4827 Lazarus
3105 4787 3290 4828 resur-

1707 4856 1844 4912 rexit
1883 4854 2006 4928 (ιιι.
2053 4873 2127 4924 xI,
2159 4857 2229 4912 44
2251 4856 2291 4928 ),
2325 4859 2444 4913 ideo
2473 4869 2711 4914 mortuus
2741 4862 2915 4917 omnis
2941 4863 3152 4933 quando
3180 4867 3293 4922 vult

1706 4947 1904 5018 surgit,
1932 4957 2024 5002 aut
2050 4963 2114 5002 eo
2151 4949 2309 5003 modo
2353 4951 2612 5005 exanimis
2641 4968 2669 5004 a
2700 4953 2930 5019 vivente,
2960 4957 3230 5026 quomodo
3259 4972 3291 5013 a

1706 5039 1954 5109 vigilante
1974 5039 2243 5096 dormiens
2269 5043 2548 5097 excitatur.
2576 5043 2678 5098 Alii
2702 5055 2826 5100 sunt
2846 5047 3196 5104 humanarum
3228 5050 3294 5103 li-

1705 5129 1862 5184 mites
1883 5145 2082 5196 rerum,
2106 5130 2205 5184 alia
2224 5129 2520 5187 divinarum
2543 5135 2692 5204 signa
2717 5136 3009 5205 virtutum;
3037 5137 3140 5194 alia
3166 5149 3292 5195 sunt

1769 5351 1786 5422 ξ
1820 5349 1892 5400 sic
1905 5352 2264 5412 prtestantiores
2287 5361 2390 5404 Mss.
2417 5363 2473 5406 At
2495 5357 2632 5417 editi,
2655 5364 2700 5409 et
2722 5369 2836 5422 qtae
2855 5360 3176 5410 necessarth
3191 5371 3284 5410 non

1703 5415 2191 5489 “ﬁeismmm.
3121 5479 3132 5489 .

1767 5474 1788 5551 ξ
1821 5479 1929 5551 hev.
1949 5509 1962 5534 ,
1984 5473 2264 5551 apparuisse
2286 5474 2473 5551 felicem
2509 5479 2687 5551 ciribns
2708 5480 2781 5531 vel
2804 5479 3049 5551 inquilinis
3081 5479 3157 5551 pie
3181 5491 3286 5551 (ι..ςέ

1703 5531 2123 5606 dilectisrmirius
2160 5531 2296 5588 bene
2316 5547 2367 5591 et
2389 5541 2741 5592 reluctantibus
2771 5531 2916 5592 editis
2936 5541 3044 5590 aliis
3081 5531 3137 5591 'et
3181 5541 3284 5604 ple-

1703 5603 1871 5657 risque
1895 5603 2000 5646 Mss.

1865 5659 2354 5738 ξ’ίρίιξξιῃντιννγιίὺηὲ
2383 5663 2443 5738 ad
2475 5663 3050 5738 sirnplicianuml.qumst.
3085 5662 3157 5738 4.__

1789 5717 1894 5826 b)8tl
1920 5717 2119 5829 ttepjtct.
2148 5717 2250 5785 cap.
2294 5725 2338 5784 4;
2390 5733 2438 5774 et
2475 5726 2538 5774 de
2573 5717 2789 5774 Doctrina
2822 5717 3103 5788 Christiana,
3128 5725 3211 5780 lib.
3233 5725 3284 5787 2,

1789 5799 1810 5827 ν.
1869 5814 1887 5829 ς
1909 5793 1956 5829 n.
2011 5797 2057 5829 ο.

1705 5793 1810 5840 cap.
1836 5793 1887 5840 is,
1909 5793 1956 5829 τι.
1984 5793 2057 5831 to.
