3860 6284
550 322 656 380 607

551 449 670 504 quae
709 430 1037 498 natttraliter,
1066 429 1168 485 alia
1192 446 1311 500 quae
1336 426 1647 483 mirabiliter
1672 423 1807 482 ﬁunt
1842 440 1856 477 :
1886 417 2130 492 quamvis

551 532 605 578 et
631 531 833 577 natum:
861 521 999 574 Dens
1023 520 1162 576 adsit
1198 529 1254 574 ut
1279 518 1380 586 sit,
1410 526 1465 573 et
1501 518 1769 572 miraculis
1810 524 1999 570 natura
2025 526 2129 566 non

552 614 706 689 desit.
738 611 854 668 Non
895 612 1054 683 igitur
1081 611 1201 666 ideo
1238 609 1525 679 putandum
1566 616 1648 662 est
1692 607 1928 661 vivorum
1970 600 2132 657 rebus

552 705 813 776 quoslibet
850 703 1107 757 interesse
1134 716 1289 772 posse
1313 699 1617 761 defunctos,
1641 696 1890 765 quoniam
1917 691 2132 763 quibus-

552 795 676 850 dam
715 792 965 850 sanandis
1005 791 1093 846 vel
1132 789 1443 861 adjuvandis
1482 798 1742 859 martyres
1776 785 2007 841 adsunt:
2038 781 2133 838 sed

555 886 677 942 ideo
705 886 881 956 potius
909 882 1303 955 intelligendum
1349 890 1432 938 est
1471 879 1612 951 quod
1648 894 1744 949 per
1771 876 2003 933 divinam
2038 891 2136 947 po-

557 973 776 1030 tentiam
802 982 1065 1044 martyres
1100 972 1341 1028 vivorum
1385 971 1543 1026 rebus
1570 970 1855 1032 intersunt,
1883 966 2133 1036 quoniam

556 1064 792 1119 defuncti
823 1079 921 1135 per
945 1072 1189 1119 naturam
1217 1062 1484 1134 propriam
1512 1061 1754 1116 vivorum
1779 1059 1937 1115 rebus
1967 1059 2134 1113 inter-

558 1169 680 1210 esse
705 1169 809 1209 non
837 1164 1076 1224 possunt.
1259 1149 1262 1151 λ

626 1243 716 1298 20.
757 1243 1069 1316 Quanquam
1093 1243 1193 1298 ista
1210 1243 1433 1314 quzestio
1455 1242 1595 1297 vires
1620 1238 1979 1310 iutclligentim
2005 1254 2139 1294 mea:

558 1334 756 1400 vincit,
790 1333 1233 1404 quemadmodum
1260 1333 1584 1404 opitulentur
1622 1341 1886 1402 martyres
1916 1331 1980 1384 iis
2005 1344 2138 1400 quos

558 1440 653 1495 per
681 1439 775 1479 eos
806 1430 1010 1479 certum
1036 1434 1116 1479 est
1144 1422 1413 1493 adjuvari;
1448 1434 1623 1477 utrum
1654 1421 1754 1491 ipsi
1786 1437 1881 1491 per
1911 1435 1969 1475 se
1996 1419 2141 1488 ipsos

556 1513 732 1569 adsint
762 1528 867 1568 uno
895 1523 1135 1585 tempore
1160 1522 1266 1568 tam
1296 1512 1521 1567 diversis
1542 1512 1702 1577 locis,
1734 1520 1790 1566 et
1832 1520 1974 1565 tanta
2003 1510 2142 1565 inter

559 1622 618 1661 se
644 1606 1032 1676 longinquitate
1050 1604 1315 1672 discretis,
1343 1604 1455 1660 sive
1473 1604 1559 1660 ubi
1581 1612 1705 1659 sunt
1729 1619 1912 1659 eorum
1941 1618 2147 1656 memo-

560 1696 654 1752 ria:
677 1738 692 1764 ,
739 1698 849 1752 sive
880 1706 1075 1766 praeter
1119 1712 1241 1751 suas
1278 1696 1564 1751 memorias
1600 1695 1917 1765 ubicumque
1955 1693 2143 1749 adesse

570 1787 873 1842 sentiuntur
899 1804 911 1841 :
941 1802 1007 1841 an
1041 1786 1167 1856 ipsis
1195 1789 1245 1840 in
1276 1787 1392 1841 loco
1422 1786 1533 1841 suis
1575 1786 1782 1841 meritis
1816 1800 2052 1855 congruo
2076 1785 2142 1837 ab

561 1878 705 1932 υιιιιιί
734 1878 1034 1931 mortalium
1062 1877 1466 1932 conversatione
1497 1876 1732 1941 remotis,
1762 1884 1817 1932 et
1847 1886 2021 1930 tamen
2051 1889 2146 1945 ge-

562 1969 813 2024 neraliter
838 1967 1115 2023 orantibus
1144 1983 1240 2038 pro
1270 1966 1569 2039 indigentiis
1594 1968 1982 2038 supplicantum
2012 1968 2144 2036 (sic-

564 2071 622 2115 ut
653 2076 751 2116 nos
779 2075 996 2116 oramus
1027 2076 1121 2130 pro
1159 2061 1415 2126 mortuis,
1447 2059 1637 2130 quibus
1665 2060 1843 2130 utique
1869 2075 1973 2114 non
2006 2076 2151 2129 prte-v

561 2161 861 2218 sentamur,
897 2169 993 2208 nec
1025 2153 1110 2208 ubi
1151 2153 1257 2207 sint
1285 2153 1369 2208 vel
1395 2152 1519 2225 qttid
1550 2163 1706 2224 agant
1732 2152 1973 2223 scimus),
2006 2150 2146 2208 Deus

564 2244 905 2314 onmipotens
931 2245 1019 2315 qui
1059 2251 1143 2300 est
1184 2245 1381 2315 ubique
1422 2261 1689 2316 prtesens,
1722 2260 1823 2301 nec
1861 2255 2147 2301 concretus

566 2336 741 2402 nobis,
794 2351 893 2391 nec
940 2346 1179 2392 remotus
1221 2351 1251 2390 a
1298 2335 1482 2402 nobis,
1516 2336 1810 2392 exaudiens
1852 2344 2146 2407 martyrum

566 2442 752 2498 preces
773 2470 787 2491 ,
818 2443 913 2498 per
948 2429 1182 2499 angelica
1219 2429 1511 2484 ministeria
1556 2443 1933 2501 usquequaque
1959 2427 2147 2483 diffusa

568 2520 801 2589 przehcat
826 2518 1127 2576 hominibus
1157 2520 1255 2575 ista
1285 2521 1470 2575 solatia
1492 2560 1508 2585 ,
1537 2521 1728 2591 quibus
1757 2521 1810 2575 in
1839 2518 1998 2590 hujus
2027 2519 2149 2574 vitae

568 2613 781 2667 miseria
822 2612 1024 2683 jndieat
1071 2628 1192 2669 esse
1239 2612 1559 2683 praebenda;
1595 2624 1649 2668 et
1693 2627 1909 2668 suorum
1960 2612 2148 2666 merita

566 2713 858 2777 martyrum
895 2705 982 2759 ubi
1009 2705 1139 2772 vult,
1164 2705 1374 2776 quando
1398 2706 1529 2773 vult,
1564 2705 1835 2776 quomodo
1860 2703 2004 2771 vult,
2031 2719 2148 2758 uta-

569 2799 816 2869 ximeque
860 2815 956 2870 per
997 2814 1180 2854 eorum
1227 2799 1532 2863 memorias,
1560 2798 1811 2868 quoniam
1864 2797 1964 2852 hoc
2006 2796 2153 2852 novit

567 2891 823 2958 expedire
851 2889 1004 2944 nobis
1025 2889 1089 2943 ad
1121 2887 1486 2944 aediﬁcandam
1511 2887 1667 2943 ﬁdem
1689 2888 1907 2953 Christi,
1936 2904 2030 2958 pro
2059 2904 2152 2944 cu-

565 2982 654 3049 jus
693 2980 768 3035 illi
804 2978 1142 3036 confessione
1170 2989 1296 3034 sunt
1329 2980 1492 3050 passi,
1526 2980 1751 3035 mirabili
1774 2989 1934 3050 atque
1964 2979 2154 3034 ineffa-

572 3073 662 3129 bili
695 3082 960 3144 potestate
989 3087 1050 3128 ac
1077 3072 1312 3128 bonitate
1339 3070 1698 3127 commendet.
1726 3071 1830 3125 Res
1859 3071 1972 3123 ha‘c
1996 3070 2155 3125 altior

570 3175 653 3222 est
678 3181 835 3237 quam
865 3173 920 3219 ut
946 3180 976 3219 a
1018 3181 1105 3221 me
1132 3164 1298 3235 possit
1324 3163 1509 3233 attingi
1536 3204 1550 3230 ,
1580 3172 1633 3218 et
1660 3163 1958 3219 abstrusior
1993 3180 2151 3234 quam

571 3264 681 3312 uta
715 3272 800 3311 me
836 3255 1007 3311 valeat
1034 3255 1352 3327 perscrutari
1380 3273 1392 3309 :
1422 3264 1474 3310 et
1502 3253 1621 3310 ideo
1648 3254 1772 3326 quid
1805 3254 1992 3310 horum
2024 3254 2157 3310 duo-

573 3363 689 3402 rum
718 3347 807 3411 sit,
835 3332 901 3400 an
929 3363 1056 3401 vero
1080 3345 1325 3400 fortassis
1360 3354 1642 3415 utrumque
1668 3345 1753 3411 sit,
1786 3352 1845 3399 ut
1871 3344 2155 3416 aliquando

579 3441 676 3493 ista
705 3436 833 3491 fiant
857 3452 950 3506 per
972 3437 1139 3507 ipsam
1170 3435 1503 3507 pnesentiam
1527 3445 1840 3507 martyrum,
1871 3436 2156 3507 aliquando

581 3524 677 3591 per
716 3526 946 3598 Angelos
986 3527 1335 3597 suscipientes
1366 3540 1646 3596 personam
1679 3534 1989 3595 martyrum,
2020 3527 2156 3582 defi-

574 3617 690 3674 nire
716 3633 818 3673 uon
849 3617 1059 3682 audeo;
1093 3617 1301 3672 mallem
1326 3632 1355 3670 a
1379 3616 1670 3673 scientibus
1698 3616 1793 3671 ista
1821 3618 2154 3689 perquirere.

575 3709 759 3779 Neque
788 3709 927 3764 enim
955 3723 1113 3764 nemo
1139 3708 1326 3778 estqui
1354 3707 1467 3763 haec
1487 3708 1637 3773 sciat,
1663 3723 1767 3762 non
1786 3708 1874 3778 qui
1898 3708 1997 3763 sibi
2021 3708 2158 3766 scire

575 3799 880 3857 videaturet
896 3799 1097 3855 neseiat
1113 3817 1125 3853 :
1142 3798 1280 3853 dona
1300 3799 1440 3853 enim
1456 3797 1550 3853 Dei
1571 3806 1714 3860 sunt,
1735 3798 1816 3852 his
1837 3798 1959 3864 alia,
1983 3807 2037 3853 et
2055 3800 2157 3855 illis

578 3896 678 3946 alta
698 3891 990 3962 largientis,
1014 3889 1305 3948 secundum
1333 3889 1666 3959 Apes-tolum,
1692 3890 1779 3960 qui
1807 3889 1933 3944 dicit
1954 3890 2158 3945 unicui-

574 3997 681 4052 quc
710 3981 821 4036 dari
852 3980 1329 4036 manifestatiouem
1359 3979 1589 4051 Spiritus
1613 3978 1678 4034 ad
1707 3979 1984 4061 utilitatem
2014 3997 2027 4033 :
2056 3981 2160 4035 Alii

574 4073 821 4144 quidem,
848 4072 1019 4142 inquit
1039 4115 1056 4140 ,
1088 4071 1244 4132 datur
1269 4089 1358 4145 per
1383 4071 1631 4143 Spiritum
1670 4088 1834 4126 sermo
1861 4073 2159 4144 sapientiae;

576 4162 668 4218 alii
689 4172 850 4219 sermo
875 4165 1095 4232 scientiae
1121 4164 1396 4218 secundum
1430 4161 1659 4218 eumdem
1686 4162 1933 4234 Spiritum
1955 4181 1976 4231 ;
2013 4164 2160 4220 alteri

576 4265 743 4309 autem
766 4254 894 4324 fides
914 4255 964 4308 in
984 4240 1158 4308 eodem
1183 4254 1421 4326 Spiritu;
1443 4254 1589 4309 alteri
1613 4254 1820 4309 donatio
1844 4256 2161 4312 curationum

574 4346 629 4400 in
659 4362 757 4399 uno
786 4344 1021 4416 Spiritu;
1046 4346 1134 4399 alii
1162 4345 1475 4416 operatione:
1512 4347 1749 4400 virtutum
1767 4363 1796 4429 ,1
1821 4348 1911 4401 alii
1939 4348 2160 4418 prOpIte-
2206 4334 2213 4339 ’

577 4438 690 4501 tia;
718 4436 811 4490 alii
834 4436 1130 4507 dijudicatio
1159 4437 1458 4506 spirituum;
1501 4437 1591 4491 alii
1622 4455 1806 4509 genera
1836 4438 2159 4510 linguarum;

575 4527 665 4583 alii
690 4526 1032 4599 interpretatio
1057 4542 1361 4580 sermonum.
1395 4526 1579 4581 Omnia
1607 4537 1773 4581 autent
1799 4527 1903 4583 [nec
1924 4540 2161 4598 operatur

577 4634 708 4672 unus
750 4627 898 4688 atque
935 4616 1069 4671 idem
1100 4615 1358 4687 Spiritus,
1388 4616 1614 4672 dividens
1652 4619 1861 4689 prOpria
1896 4620 2161 4692 unicuique

577 4718 724 4778 prout
754 4708 856 4763 vult
881 4706 921 4781 (Ι
946 4707 1065 4762 Cor.
1101 4722 1197 4772 xu,
1231 4707 1395 4777 7-H).
1425 4706 1625 4763 Horum
1651 4709 1885 4764 eumiqu
1911 4710 2161 4779 spiritua-

578 4797 705 4851 lium
736 4797 994 4853 donorum
1015 4839 1032 4867 ,
1064 4814 1182 4870 quae
1220 4799 1663 4854 commemoravit
1691 4799 1977 4869 Apostolus
1996 4842 2011 4867 ,
2040 4802 2159 4856 cui-

578 4901 806 4959 cumque
830 4888 951 4944 data
980 4900 1060 4945 est
1085 4890 1392 4961 dijudicatio
1432 4890 1746 4963 spirituum,
1784 4890 1898 4962 ipse
1935 4892 2037 4948 scit
2062 4893 2159 4949 ista

580 4981 719 5037 sicut
739 4980 952 5037 scienda
985 4993 1127 5038 sunt.
2018 4972 2021 4975 ’

653 5074 878 5130 CAPUT
914 5074 1078 5130 XVII.
1109 5106 1178 5117 -—
1202 5076 1292 5133 21.
1329 5076 1405 5132 De
1443 5076 1643 5134 Joanne
1683 5077 1948 5133 monacho.
1977 5077 2157 5133 Talem

580 5164 744 5223 fuisse
790 5165 1113 5222 credendum
1164 5179 1247 5224 est
1297 5170 1444 5225 illum
1491 5170 1746 5226 Joannem
1802 5170 2156 5237 monachum,

579 5272 741 5329 quem
764 5256 833 5313 de
858 5256 980 5314 belli
1009 5258 1178 5313 civilis
1201 5267 1394 5314 eventu
1421 5262 1590 5330 major
1613 5261 1944 5319 Theodosius
1967 5276 2161 5317 consu-

580 5351 697 5407 luit“
729 5352 1060 5424 imperator:
1094 5351 1321 5407 habebat
1357 5352 1551 5422 quippe
1596 5355 1755 5410 etiam
1802 5355 2155 5426 prophetiam.

579 5442 764 5514 Neque
796 5442 938 5498 enim
976 5443 1210 5514 singulos
1237 5442 1440 5514 singula
1472 5452 1746 5502 munerum
1786 5446 2032 5514 istorum,
2063 5447 2158 5503 sed

581 5535 741 5591 etiam
770 5539 919 5606 plura
947 5550 1107 5590 untnn
1133 5533 1330 5592 habere
1359 5550 1517 5607 posse
1538 5552 1643 5593 non
1671 5538 1900 5609 ambigo.
1929 5539 2161 5596 Joannes

582 5642 713 5698 ergo
747 5630 864 5695 iste,
890 5629 1114 5701 quadam
1154 5630 1375 5685 muliere
1401 5630 1792 5700 religiosissima
1826 5631 2163 5701 impatienter

584 5735 706 5778 cum
736 5719 912 5777 videre
941 5722 1204 5794 cupiente,
1232 5733 1388 5794 atque
1411 5732 1461 5776 ut
1495 5722 1595 5777 hoc
1617 5725 1924 5795 impetraret
1945 5739 2037 5797 per
2058 5740 2161 5779 uta-

1080 316 1167 374 οε
1204 314 1389 373 cuna
1429 311 1561 368 rao
1599 306 1896 366 MORTUIS
1931 302 2280 370 GERENDA,
2321 294 2379 358 s.
2421 299 2787 358 AUGUSTINI
2842 297 3046 357 LIBER
3087 300 3289 359 usus.
3665 306 3753 366 ωε

2236 413 2395 479 ritum
2438 427 2591 469 suum
2635 413 2976 470 vehementer
3023 414 3282 482 instante,
3322 430 3444 472 cum
3483 416 3567 474 ille
3599 422 3752 490 nollet,

2236 502 2489 572 quoniam
2533 502 2583 558 id
2620 519 2887 573 nunquam
2916 505 3231 574 permiserat
3259 503 3670 580 feminisz‘lade,
3692 512 3757 566 in-

2238 593 2375 662 quit,
2403 592 2488 648 dic
2512 594 2661 649 uxori
2692 601 2817 658 tum,
2850 594 3047 650 videbit
3072 610 3158 650 me
3185 605 3339 651 nocte
3367 598 3610 668 proxima,
3628 602 3767 661 sedis»

2239 682 2462 738 somnis.
2492 682 2559 737 Et
2587 682 2782 739 factum
2819 692 2902 740 est
2930 702 2942 737 :
2970 686 3279 756 monuitque
3309 686 3451 741 illam
3473 686 3693 759 quidquid
3716 692 3760 745 li-

2239 772 2418 830 delcm
2443 775 2776 846 ronjugatam
2810 777 3012 832 moneri
3037 777 3336 848 oportebat.
3360 778 3487 848 Qua:
3510 795 3619 836 cum
3639 783 3764 853 evigi-

2240 866 2421 933 lasset,
2451 869 2608 923 talem
2636 885 2694 924 sc
2724 869 2919 924 vidisse
2944 868 3212 926 hominem
3235 871 3327 927 Dei
3348 871 3459 927 viro
3476 886 3585 936 suo,
3601 875 3764 943 qualem

2243 954 2331 1011 ille
2366 971 2488 1011 eum
2530 965 2772 1024 noverat,
2799 967 2854 1012 et
2882 958 3006 1029 quid
3034 958 3105 1014 ab
3145 959 3238 1014 illo
3271 958 3516 1035 audierit,
3545 960 3762 1019 indicavit.

2241 1045 2342 1113 Qui
2377 1047 2479 1102 hoc
2517 1047 2584 1101 ab
2624 1048 2703 1103 eis
2738 1049 3023 1119 comperit,
3060 1051 3243 1105 retulit
3282 1051 3434 1115 mihi,
3466 1052 3543 1106 vir
3565 1055 3769 1123 graviset

2192 1140 2203 1149 '
2243 1138 2458 1203 nobilis,
2497 1148 2549 1201 et
2592 1139 2934 1211 dignissimus
2975 1141 3141 1196 credi.
3179 1141 3285 1197 Sed
3324 1141 3372 1196 si
3406 1143 3549 1198 illum
3579 1156 3766 1203 sanctum

2244 1228 2560 1283 monachum
2605 1230 2719 1299 ipse
2759 1231 3032 1298 vidissem,
3060 1232 3205 1301 quia,
3236 1233 3379 1287 sicut
3407 1232 3585 1300 fertur,
3614 1238 3769 1306 patien-

2245 1319 2447 1375 tissime
2488 1320 2907 1391 intcrrogabatur
2934 1333 2988 1377 et
3028 1324 3422 1392 sapientissime
3453 1326 3765 1395 respondebat,

2242 1408 2553 1478 quaesissem
2585 1408 2652 1464 ab
2680 1425 2746 1464 eo
2769 1409 2906 1480 quod
2928 1410 2993 1464 ad
3025 1411 3180 1466 istam
3207 1412 3439 1483 pertinet
3461 1416 3766 1484 quzestionetn,

2246 1508 2420 1553 utrum
2450 1501 2561 1572 ipse
2586 1500 2652 1555 ad
2686 1502 2828 1555 illam
2861 1503 3108 1558 feminam
3145 1505 3382 1561 venisset
3423 1506 3473 1560 in
3506 1508 3706 1576 somnis,
3733 1511 3770 1565 id

2245 1598 2346 1656 est,
2372 1590 2590 1667 spiritus
2612 1590 2728 1661 ejus
2754 1592 2804 1646 in
2825 1592 3000 1663 efﬁgie
3018 1595 3258 1666 corporis
3280 1596 3390 1664 sui,
3414 1596 3546 1653 sicut
3566 1613 3651 1653 nos
3666 1600 3771 1669 ipsos

2247 1679 2301 1734 in
2340 1680 2514 1755 effigie
2547 1683 2790 1750 corporis
2832 1685 2997 1739 nostri
3040 1687 3404 1753 somniamus;
3431 1704 3496 1744 an
3535 1689 3638 1760 ipso
3667 1691 3770 1747 aliud

2246 1781 2455 1841 agente,
2497 1772 2603 1841 vel,
2636 1773 2679 1828 si
2724 1774 3043 1843 dormiebat,
3070 1776 3213 1831 aliud
3252 1779 3568 1848 somniante,
3593 1781 3684 1836 sive
3706 1798 3773 1852 per

2248 1861 2530 1933 angelum,
2571 1861 2688 1918 sive
2731 1880 3071 1936 quocumque
3117 1867 3222 1922 alio
3273 1868 3438 1924 modo
3489 1870 3538 1924 in
3585 1871 3771 1927 mulieris

2250 1952 2462 2007 somnio
2494 1952 2612 2008 talis
2639 1953 2774 2008 facta
2802 1955 2871 2009 sit
2890 1956 3022 2010 visio
3041 1973 3055 2023 ;
3077 1966 3236 2027 atque
3268 1958 3322 2013 id
3352 1956 3595 2027 futurum,
3623 1940 3771 2031 utipse

2250 2046 2605 2114 promitteret,
2637 2046 2931 2117 prophetia:
2955 2047 3155 2119 Spiritu
3187 2051 3463 2109 revelante
3488 2054 3768 2124 praesciverit.

2251 2131 2305 2190 Si
2338 2135 2479 2190 enim
2512 2135 2623 2206 ipse
2655 2136 2890 2192 interfuit
2922 2139 3227 2207 somnianti,
3262 2141 3491 2198 mirabili
3528 2144 3671 2216 gratia
3700 2145 3773 2198 uli-

2250 2241 2355 2297 que
2391 2226 2442 2281 id
2487 2228 2680 2296 potuit,
2720 2243 2823 2283 non
2853 2240 3039 2286 natura
3059 2241 3162 2297 set
3191 2233 3287 2288 Dei
3316 2249 3551 2301 munere,
3574 2252 3661 2293 non
3686 2252 3769 2308 pro-
3794 2292 3803 2301 ,

2253 2318 2365 2389 pria
2407 2319 2673 2377 facultate.
2709 2320 2969 2378 Siautem
3011 2324 3125 2395 ipso
3153 2324 3300 2381 aliud
3332 2337 3539 2399 agente,
3568 2330 3662 2384 sive
3681 2328 3770 2383 dur-

2254 2411 2452 2468 mieute
2492 2420 2546 2467 et
2586 2414 2711 2470 visis
2751 2416 2871 2472 aliis
2913 2429 3192 2490 occupato,
3229 2436 3358 2476 eum
3389 2421 3573 2477 mulier
3606 2421 3708 2476 vidit
3734 2422 3770 2476 in

2254 2505 2494 2571 somnis;
2527 2506 2762 2576 profecto
2797 2509 2902 2566 tale
2933 2511 3131 2582 aliquid
3174 2511 3377 2568 factum
3406 2522 3505 2581 est,
3529 2515 3662 2585 quale
3682 2514 3775 2568 illud

2256 2605 2341 2651 est
2368 2596 2510 2667 quod
2538 2596 2591 2652 in
2619 2599 2842 2654 Actibus
2864 2601 3242 2675 Apostolorum
3278 2603 3518 2675 legimus,
3547 2603 3624 2659 ubi
3640 2603 3769 2659 Domi-

2255 2703 2356 2743 nus
2375 2687 2532 2743 Iesus
2553 2688 2785 2761 loquitur
2800 2693 3018 2748 Anania:
3038 2693 3107 2749 de
3126 2694 3316 2761 Saulo,
3338 2706 3393 2752 et
3418 2696 3603 2754 indicat
3615 2696 3657 2752 ei
3672 2695 3769 2766 quod

2255 2777 2444 2834 Saulus
2470 2781 2599 2836 vidit
2622 2782 2689 2837 ad
2714 2797 2774 2837 se
2795 2783 3094 2840 venientem
3121 2786 3413 2855 Ananiam,
3433 2802 3549 2843 cum
3572 2787 3657 2841 hoc
3670 2788 3768 2840 Ana-

2256 2870 2370 2925 nias
2400 2871 2512 2941 ipse
2542 2875 2771 2929 nesciret
2799 2856 2954 2947 (Act.
2982 2891 3056 2943 ιι,
3082 2877 3249 2933 10-ιὸ
3274 2878 3318 2950 ).
3346 2877 3613 2947 Quodlibet
3636 2877 3771 2931 horum

2256 2960 2384 3015 mihi
2413 2962 2762 3032 responderet
2794 2965 2884 3021 ille
2906 2964 3066 3022 homo
3104 2967 3219 3034 Dei,
3247 2977 3308 3024 et
3334 2968 3402 3025 dc
3430 2968 3707 3039 martyribus
3724 2966 3768 3019 ab

2257 3051 2349 3107 illo
2387 3067 2662 3125 pergerem
2705 3071 2965 3125 qumrcre,
2995 3066 3167 3112 utrum
3200 3057 3304 3127 ipsi
3333 3057 3505 3113 adsint
3532 3055 3765 3119 insomnis,

2259 3143 2343 3198 vel
2367 3159 2704 3216 quocumque
2732 3146 2838 3201 alio
2859 3146 3017 3203 modo
3035 3147 3341 3204 videntibus
3359 3164 3452 3205 eos
3477 3150 3526 3204 in
3549 3164 3634 3219 qua
3654 3146 3768 3216 figura

2259 3237 2555 3302 voluerint;
2583 3246 2637 3293 et
2668 3238 2898 3295 maxime
2925 3239 3137 3309 quando
3161 3239 3230 3294 ab
3260 3240 3344 3297 eis
3371 3255 3431 3297 se
3459 3238 3663 3312 torqueri
3690 3237 3768 3291 «ιε-

2260 3342 2448 3383 mones
2475 3328 2528 3382 in
2555 3327 2859 3384 hominibus
2880 3332 3219 3396 conﬁtentur,
3246 3341 3304 3387 et
3324 3341 3508 3403 rogant
3531 3345 3614 3385 eos
3630 3339 3674 3382 ut
3688 3341 3770 3398 par-

2260 3427 2384 3475 cant
2421 3420 2521 3475 sibi
2547 3438 2560 3474 :
2588 3435 2656 3475 an
2699 3420 2800 3476 ista
2840 3421 2966 3477 ﬁant
2994 3423 3088 3479 Dei
3117 3435 3248 3479 nutu
3281 3441 3376 3496 per
3404 3425 3642 3495 angelicas
3663 3431 3769 3490 pate-
3830 3468 3833 3477 .

2261 3520 2446 3578 states,
2490 3512 2541 3566 in
2585 3511 2842 3574 honorem
2882 3514 3506 3586 commendationemquc
3535 3520 3773 3569 sanctorum
3830 3540 3833 3586 λ

2260 3603 2326 3658 ad
2359 3603 2642 3659 utilitatem
2670 3604 2965 3672 hominum,
2990 3606 3094 3661 illis
3118 3606 3173 3662 in
3201 3582 3599 3678 summa'quiete
3618 3602 3769 3674 positis.
3830 3582 3833 3649 λ

2262 3705 2316 3751 ct
2355 3697 2420 3752 ad
2460 3695 2566 3752 alia
2608 3698 2765 3770 longe
2805 3698 3504 3756 meliora-visa-vacantibus
3538 3708 3768 3754 seorsum-1

2263 3790 2436 3855 nobis,
2475 3791 2856 3863 orantibusque
2898 3806 2997 3863 pro
3036 3792 3209 3848 nobis.
3238 3792 3374 3848 Nam
3401 3788 3653 3847 Mediolani
3671 3782 3765 3855 apud

2262 3892 2479 3938 sanctos
2510 3884 2811 3939 Protasium
2851 3896 2906 3940 et
2941 3885 3255 3942 Gervasium
3287 3894 3559 3958 martyres,
3581 3894 3767 3952 express

2265 3974 2503 4044 nomine,
2532 3976 2668 4031 sicut
2695 3975 3067 4033 defunctorum
3108 3992 3243 4049 quos
3278 3978 3463 4035 eodem
3503 3974 3639 4032 modo
3667 3985 3765 4026 com-

2262 4067 2653 4137 memorabam,
2682 4068 2858 4126 adhuc
2888 4072 3064 4126 vivum
3094 4070 3370 4127 dtemones
3393 4071 3662 4141 episcopum
3679 4077 3762 4117 cou-

2264 4157 2548 4214 ﬁtebantur
2581 4160 2943 4228 Ambrosium,
2970 4169 3133 4233 atque
3160 4170 3221 4217 ut
3264 4162 3366 4218 sibi
3405 4166 3622 4232 parceret
3652 4154 3761 4209 obve-

2263 4247 2516 4317 crabaut,
2552 4248 2646 4305 illo
2691 4251 2833 4307 aliud
2875 4261 3088 4323 agente,
3116 4260 3279 4323 atque
3294 4251 3406 4307 hoc
3440 4265 3550 4306 cum
3582 4249 3761 4316 agerem

2264 4340 2483 4397 omnino
2541 4342 2836 4400 nesciente.
2892 4344 2975 4399 Au
3024 4359 3157 4400 vero
3210 4343 3489 4415 aliquando
3526 4356 3608 4412 per
3641 4337 3763 4407 ipsa”

2264 4433 2601 4504 prmsentiam
2632 4444 2923 4505 martyrum
2948 4433 3096 4502 fiant,
3126 4434 3224 4490 ista
3251 4432 3524 4505 aliquando
3547 4444 3627 4501 per
3639 4430 3757 4493 Alli“

2265 4522 2471 4588 lorum;
2503 4532 2559 4579 et
2596 4532 2772 4578 utrum
2803 4525 3025 4595 possint,
3053 4525 3134 4581 vel
3172 4525 3366 4596 quibus
3392 4523 3542 4594 signis
3566 4516 3755 4590 possit":l

2265 4615 2419 4674 nobis
2448 4615 2554 4672 duo
2595 4617 2694 4672 ista
2728 4617 2992 4683 discerni;
3020 4633 3087 4673 an
3115 4632 3174 4674 ea
3216 4617 3414 4688 sentire
3447 4631 3506 4671 ac
3539 4607 3756 4682 dijudicaro

2266 4725 2373 4765 non
2399 4710 2587 4775 valeat,
2620 4710 2723 4765 nisi
2746 4710 2836 4781 qui
2866 4709 3025 4766 habet
3053 4710 3181 4765 illud
3210 4709 3405 4766 donum
3429 4722 3517 4778 per
3537 4694 3753 4795 Dei

2266 4809 2376 4858 tum
2404 4802 2729 4857 dividentem
2759 4802 2970 4874 prepria
2999 4803 3282 4875 unicuique
3309 4810 3457 4873 prout
3481 4797 3609 4853 vult:
3633 4792 3753 4847 disse-
3830 4792 3833 4849 Ι

2264 4901 2408 4948 reret
2431 4893 2581 4960 mihi,
2604 4902 2661 4949 ut
2682 4893 2932 4959 arbitror,
2961 4894 3074 4966 ipse
3096 4894 3327 4952 Joannes
3349 4893 3459 4950 haec
3475 4885 3642 4952 omnia,
3658 4880 3756 4936 εἱαιι

2263 4985 2491 5051 vellem;
2524 4994 2582 5040 ut
2604 4994 2695 5040 aut
2722 5001 2787 5043 eo
2811 4985 3038 5042 docente
3069 4986 3350 5053 discerem,
3375 4992 3427 5041 et
3446 4998 3504 5039 ea
3526 4991 3625 5050 qua:
3646 4968 3753 5026 audi'
3832 5000 3833 5005 π

2264 5092 2379 5133 rem
2412 5092 2537 5133 vera
2572 5086 2628 5133 et
2653 5087 2800 5134 certa
2829 5093 2948 5135 esse
2975 5092 3383 5150 cegnnscerem;
3408 5082 3495 5131 aut
3512 5084 3598 5142 ego

2265 5185 2378 5226 rem
2413 5187 2531 5241 qua:
2569 5171 2863 5241 nescirem,
2895 5171 2986 5226 illo
3011 5171 3223 5227 dicente
3248 5185 3364 5242 qua:
3390 5168 3550 5225 sciret.
3574 5152 3687 5229 Quod
3714 5152 3751 5203 εὶ

2265 5261 2396 5317 mihi
2425 5261 2645 5318 forsitan
2669 5261 2734 5317 de
2755 5271 2936 5317 sancta
2958 5261 3225 5332 Scriptura
3253 5256 3572 5332 responderet
3584 5244 3745 5306 aedide-

2265 5366 2368 5424 ret,
2395 5356 2589 5411 Altiora
2613 5367 2663 5410 te
2685 5373 2749 5410 ne
2774 5356 3053 5427 quasieris,
3082 5365 3131 5410 et
3148 5348 3365 5433 fortiora
3400 5361 3445 5407 te
3478 5365 3533 5405 nc
3558 5344 3743 5401 ισιωυ

2265 5448 2461 5521 fueris;
2486 5449 2575 5503 sed
2597 5464 2709 5520 ᾳυω
2737 5447 2975 5517 ρητοερὶι
3005 5446 3094 5501 tibi
3120 5444 3380 5508 Dominus,
3400 5442 3484 5496 illa
3506 5434 3635 5505 cogita
3650 5438 3739 5480 sar

2267 5557 2355 5612 Ρεν
2383 5538 2405 5613 (
2437 5538 2595 5594 Eccli.
2627 5555 2702 5605 Ill,
2730 5537 2873 5608 2‘2);
2916 5537 2967 5594 id
3011 5539 3171 5595 etiam
3211 5541 3464 5611 gratanter
3498 5522 3731 5611 accipereti-

2265 5634 2384 5690 Nou
2413 5634 2555 5696 enim
2586 5649 2778 5704 parvus
2803 5642 2887 5688 est
2912 5633 3134 5698 fruetus,
3159 5632 3201 5691 si
3230 5629 3396 5700 aliqua
3421 5622 3607 5678 obscura
3624 5614 3734 5704 etltlr

2271 5734 2436 5793 certa,
2466 5741 2585 5797 qum
2615 5721 3067 5794 comprehendere
3098 5730 3200 5777 non
3228 5720 3459 5780 valemus,
3477 5708 3636 5763 clarum
3656 5687 3728 5747 si"
