3860 6284
1722 582 2235 650 HlPPONENSIS
2274 582 2625 646 EPISCOPI

754 757 1222 977 DE
1460 751 3572 981 PATIENTIA

1559 1088 2040 1202 LIBER
2131 1084 2543 1198 U'NU'S
2608 1089 2734 1198 (α).

1826 1288 2513 1332 «009——

598 1404 829 1466 Principio
846 1400 1097 1466 distinguit
1118 1398 1407 1466 Augustinus
1431 1397 1712 1466 patientiam
1731 1407 1897 1466 veram
1919 1407 1947 1443 a
1966 1392 2555 1466 falsa.‘ttor:tatur_dein_de
2578 1394 2772 1466 adeam

2930 1400 3172 1458 γεγάθει,
3202 1407 3294 1458 per
3315 1407 3459 1458 quam
3491 1409 3569 1458 ραι
3594 1403 3736 1458 aeterna
3832 1388 3833 1458 ἲ

536 1452 817 1518 vita—etes
833 1464 920 1513 Dei
948 1452 1114 1511 ariiore
1135 1452 1259 1509 mila
1281 1452 1593 1515 sult‘eritntur,
1618 1457 1897 1520 patientiam
1920 1454 2323 1520 amplectendam.
2359 1461 2507 1507 Docet
2546 1465 2793 1519 postremo
2815 1452 2938 1507 hanc
2976 1452 3223 1520 patientiae
3247 1452 3605 1517 viriutem,'non‘
3626 1452 3735 1508 liberi

534 1528 719 1578 arbitrii
740 1526 938 1586 viribus,
962 1522 1051 1574 sed
1073 1522 1248 1573 divinae
1270 1521 1440 1583 gratiae
1460 1517 1697 1583 adjutorio
1718 1517 2025 1569 tribuendam
2049 1528 2183 1566 esse.

607 1652 831 1713 CAPUT
851 1650 1130 1709 PRIMUM.
1148 1649 1289 1704 —l.
1321 1646 1575 1702 Patientia
1604 1645 1699 1703 Dei
1723 1646 1899 1716 qualis.
1931 1643 2108 1711 Virtus

537 1748 700 1805 animi
718 1761 837 1817 quae
861 1742 1119 1809 Patientia
1143 1740 1354 1803 dicitur,
1382 1748 1489 1795 tam
1520 1754 1764 1810 magnum
1788 1737 1883 1793 Dei
1910 1738 2107 1794 donum

535 1849 639 1908 est,
662 1846 720 1895 ut
745 1838 904 1892 etiam
924 1834 1085 1906 ipsius
1105 1833 1194 1903 qui
1224 1831 1375 1886 nobis
1395 1846 1512 1886 eam
1541 1830 1780 1901 largitur,
1805 1844 1905 1899 qua
1939 1827 2108 1884 malos

537 1940 595 1985 ut
630 1929 962 2001 corrigantur
1004 1931 1312 1993 exspectat,
1358 1921 1606 1991 patientia
1650 1918 1983 1989 praedicetur.
2034 1919 2109 1972 lta

533 2019 777 2092 quamvis
800 2017 935 2072 Deus
963 2013 1093 2075 nihil
1115 2013 1221 2085 pati
1251 2012 1416 2082 possit
1449 2013 1489 2078 ‘,
1520 2010 1767 2080 patientia
1799 2024 1923 2065 vero
1953 2023 1982 2063 a
2013 2024 2107 2080 pa-

535 2109 715 2166 tiendo
742 2094 937 2169 nomen
962 2104 1247 2173 acceperit,
1276 2102 1561 2171 patientem
1593 2109 1768 2154 tamen
1803 2099 1968 2153 Deum
1999 2113 2108 2153 non

533 2201 695 2261 modo
744 2198 971 2261 ﬁdeliter
1017 2195 1319 2260 credimus,
1385 2208 1569 2248 verum
1619 2192 1779 2249 etiam
1827 2190 2111 2246 salubriter

532 2293 866 2355 confitemur.
899 2288 1005 2344 Sed
1036 2287 1128 2342 Dei
1170 2285 1422 2356 patientia
1467 2284 1638 2354 qualis
1665 2292 1719 2338 et
1761 2292 1954 2353 quanta
1999 2282 2106 2350 sit,

535 2399 695 2459 quem
722 2381 852 2447 nihil
891 2378 1211 2451 patientem,
1246 2390 1343 2432 nec
1368 2385 1543 2430 tamen
1575 2374 1934 2445 impatientem
1956 2415 1971 2439 ,
2005 2373 2111 2428 imo

535 2475 694 2532 etiam
725 2471 1160 2544 patientissimum
1197 2469 1421 2525 dicimus
1441 2510 1456 2534 ,
1483 2468 1659 2522 verbis
1687 2468 1949 2537 explicare
1991 2465 2110 2537 quis

537 2565 742 2635 possit?
768 2562 1049 2619 lnel'fabilis
1075 2570 1156 2616 est
1193 2573 1318 2629 ergo
1342 2559 1426 2613 illa
1460 2558 1707 2627 patientia
1737 2559 1780 2622 ',
1810 2558 1944 2612 sicut
1965 2557 2111 2612 zelus

536 2657 686 2726 ejus,
715 2655 852 2711 sicut
878 2654 957 2709 ira
983 2653 1100 2722 ejus
1118 2691 1134 2717 ,
1155 2658 1210 2706 et
1231 2651 1277 2704 si
1305 2649 1429 2718 quid
1453 2648 1754 2717 hujusmodi
1773 2657 1877 2703 est.
1908 2647 2038 2702 Nam
2064 2647 2110 2702 si

535 2758 785 2816 tauquam
814 2753 995 2799 nostra
1021 2743 1120 2811 ista
1139 2741 1458 2817 cogitemus,
1492 2740 1545 2799 in
1578 2739 1668 2805 illo
1691 2740 1833 2795 nulla
1854 2748 1999 2794 sunt.
2022 2738 2113 2793 Ni-

534 2837 609 2892 hil
637 2836 781 2893 enim
823 2836 1012 2890 horum
1058 2847 1156 2887 nos
1198 2833 1313 2886 sine
1357 2829 1599 2884 molestia
1641 2829 1939 2884 sentimus:
1975 2828 2113 2883 absit

534 2936 712 2984 autem
761 2936 818 2981 ut
858 2923 1236 2995 impassibilem
1280 2922 1372 2976 Dei
1421 2930 1665 2975 naturam
1709 2920 1911 2989 perpeti
1951 2919 2111 2999 ullam

535 3020 832 3076 molestiam
859 3017 1203 3088 suspicemur.
1232 3013 1380 3069 Sicut
1421 3022 1599 3067 autem
1627 3012 1766 3069 zelat
1794 3012 1909 3067 sine
1932 3010 2112 3081 aliquo

534 3110 702 3167 livore
721 3151 735 3174 ,
765 3108 1011 3177 irascitur
1030 3106 1144 3162 sine
1169 3098 1339 3175 aliqua
1367 3103 1764 3174 perturbatione
1781 3142 1798 3167 .
1831 3100 2113 3157 miseretur

536 3206 654 3260 sine
690 3202 871 3273 aliquo
894 3200 1110 3264 dolore,
1142 3198 1363 3268 pmnitet
1406 3210 1529 3251 eum
1579 3195 1695 3250 sine
1738 3193 1961 3264 alicujus
2002 3206 2114 3248 sua:

534 3294 811 3366 pravitatis
836 3289 1168 3351 correctione
1197 3306 1211 3341 :
1245 3289 1313 3342 ita
1339 3296 1420 3341 est
1458 3286 1664 3356 patiens
1705 3284 1821 3339 sine
1844 3283 1949 3338 ulla
1986 3297 2113 3355 pas-

537 3387 708 3440 sione.
740 3383 889 3438 Nunc
915 3382 1091 3451 itaque
1120 3379 1346 3434 humana
1393 3378 1671 3448 patientia,
1718 3391 1877 3447 quam
1924 3391 2114 3446 capere

537 3487 819 3545 possumus
837 3513 853 3538 ,
883 3478 940 3525 et
967 3470 1162 3525 habere
1187 3468 1443 3523 debemus
1462 3508 1476 3531 ,
1499 3467 1791 3538 cujusmodi
1819 3468 1922 3533 sit,
1948 3482 2114 3538 quan-

537 3574 651 3619 tum
694 3562 948 3618 Dominus
989 3559 1203 3625 tribuit,
1246 3568 1301 3613 et
1340 3567 1597 3629 quantum
1641 3558 1838 3628 patitur
1883 3557 2114 3615 brevitas

538 3652 813 3726 prmsentis
838 3649 1098 3705 sermonis
1117 3647 1410 3718 expediam.

608 3743 831 3800 CAPUT
869 3740 934 3797 ll.
959 3771 1031 3781 —
1053 3739 1107 3793 ἓ.
1137 3738 1390 3794 Patientia
1429 3749 1564 3793 recta
1604 3753 1833 3810 quartam
1869 3749 1917 3795 et
1962 3755 2112 3810 quam

543 3838 702 3891 utilis.
745 3832 1005 3889 Patientia
1036 3830 1291 3897 hominis,
1321 3844 1439 3900 quae
1468 3838 1612 3884 recta
1643 3838 1725 3885 est
1749 3839 1905 3901 atque
1930 3829 2113 3886 lauda-

541 3930 665 3984 bilis
710 3936 763 3989 et
797 3924 1056 3981 vocabulo
1083 3923 1238 3994 digna
1269 3922 1513 3988 virtutis,
1559 3936 1624 3977 ea
1673 3921 1977 3991 perhibetur
2011 3937 2112 3994 qua

542 4036 693 4091 a‘quo
718 4019 896 4075 animo
920 4017 1058 4077 mala
1086 4016 1402 4079 toleramus,
1435 4028 1502 4068 ne
1543 4013 1722 4069 animo
1760 4014 1939 4086 iniquo
1975 4016 2113 4073 bona

540 4115 852 4170 deseramus
873 4109 914 4177 ⁸,
946 4125 1040 4178 per
1068 4123 1186 4178 quae
1212 4105 1278 4161 ad
1309 4106 1524 4160 meliora
1548 4106 1939 4176 perveniamus.
1965 4106 2113 4175 Qua-

542 4212 758 4275 propter
780 4200 1115 4270 impatientes
1141 4197 1266 4254 dum
1297 4197 1433 4253 mala
1465 4197 1570 4266 pati
1611 4198 1828 4264 nolunt,
1862 4213 1966 4253 non
1994 4198 2113 4253 elli-

540 4298 687 4351 eiuut
716 4302 771 4347 ut
799 4307 828 4345 a
857 4291 1007 4346 malis
1036 4297 1305 4354 eruantur,
1339 4288 1433 4344 sed
1473 4298 1532 4343 ut
1570 4290 1971 4361 mala‘graviora
2015 4306 2111 4361 pa-

542 4385 759 4437 tiantur.
789 4379 1062 4434 Patientes
1084 4387 1256 4433 autem
1293 4380 1380 4447 qui
1422 4379 1555 4431 mala
1599 4381 1801 4435 malunt
1829 4396 1933 4436 non
1963 4397 2110 4437 com-

545 4469 806 4529 mittendo
846 4467 1014 4535 ferre,
1063 4482 1219 4537 quam
1264 4483 1367 4521 non
1412 4467 1632 4523 ferendo
1672 4472 2034 4539 committere,
2060 4481 2114 4529 et

462 4582 468 4589 ο
541 4564 735 4621 levium
785 4559 981 4616 faciunt
1032 4572 1151 4629 qua:
1181 4555 1204 4588 ⁸
1239 4571 1335 4627 per
1370 4557 1677 4628 patientiam
1724 4560 2015 4630 patiuntur,
2060 4571 2113 4618 et

541 4657 723 4731 pejora
751 4649 982 4715 evadunt
1024 4648 1215 4723 quibus
1258 4664 1351 4719 per
1389 4649 1766 4719 impatiemiam
1804 4665 2110 4722 mergeren-

2219 1652 2308 1700 tur
2337 1645 2378 1698 ί.
2411 1645 2556 1701 Bona
2583 1662 2710 1703 vero
2731 1657 2928 1703 :eterna
2959 1656 3013 1704 et
3040 1663 3228 1719 magna
3257 1663 3362 1703 non
3393 1647 3624 1719 perdunt,
3647 1645 3737 1703 dum
3824 1614 3837 1649 ἦ

2219 1736 2371 1791 malis
2409 1738 2791 1809 temporalibus
2838 1738 3193 1810 brevibusque
3237 1754 3345 1795 non
3382 1739 3565 1795 cedunt
3602 1754 3739 1809 :quo-
3816 1654 3837 1907 Ῐ

2219 1828 2359 1883 niam
2392 1845 2492 1883 non
2521 1840 2639 1885 sunt
2664 1830 2927 1902 condigna:
2956 1832 3210 1903 passiones
3239 1830 3394 1901 hujus
3418 1829 3648 1900 temporis,
3666 1829 3735 1905 sie-

2215 1736 2371 1791 malis
2409 1738 2791 1809 temporalibus
2838 1738 3193 1810 brevibusque
3237 1754 3345 1795 non
3382 1739 3565 1795 cedunt
3602 1754 3739 1809 :quo-

2216 1828 2359 1883 niam
2392 1845 2492 1883 non
2521 1840 2639 1885 sunt
2664 1830 2927 1902 condigna:
2956 1832 3210 1903 passiones
3239 1830 3394 1901 hujus
3418 1829 3648 1900 temporis,
3666 1829 3735 1905 sie-

2216 1928 2273 1973 ιιι
2313 1920 2596 1990 Apostolus
2645 1921 2809 1985 dicit,
2839 1922 2908 1975 ad
2936 1926 3164 1994 futuram
3191 1922 3408 1993 gloriam
3431 1936 3537 1992 qua:
3559 1921 3740 1983 revelabi-
3822 1914 3831 1965 ἶ

2217 2018 2299 2063 tur
2324 2010 2379 2064 in
2405 2011 2546 2064 nobis
2585 2009 2757 2083 (Rom.
2787 2028 2907 2078 vur,
2943 2011 3053 2083 l8).
3084 2012 3151 2065 Et
3176 2013 3372 2075 iterum
3413 2012 3485 2075 ait
3511 2028 3523 2064 :
3551 2008 3673 2077 Quod
3690 2020 3740 2064 est

2217 2100 2494 2171 temporale
2521 2111 2568 2155 et
2598 2101 2701 2156 leue
2729 2102 3064 2157 tribulationis
3088 2112 3275 2156 nostris
3299 2144 3314 2168 ,
3365 2103 3416 2156 in
3459 2100 3737 2155 incredibilem

2217 2191 2425 2246 modum
2445 2202 2690 2248 (sternunt
2711 2194 2889 2266 gloria?
2907 2194 3103 2267 pondus
3122 2204 3362 2267 aperatur
3384 2195 3519 2249 nobis
3542 2196 3561 2225 ¹
3585 2192 3640 2266 (Il
3655 2192 3736 2247 Cor.
3822 2184 3837 2267 ε

2218 2296 2297 2349 1v,
2332 2281 2444 2349 l7).

2332 2281 2397 2335 l7
2430 2321 2444 2334 .

2285 2283 2513 2427 ’CAP)UT
2554 2368 2640 2426 Ill.
2668 2403 2743 2415 —
2768 2372 2822 2427 3.
2854 2371 3107 2427 Patientia
3130 2373 3419 2444 iniquorum
3461 2384 3641 2444 quanta.
3678 2371 3735 2425 ln-
3810 2246 3833 2523 ἕ

2285 2478 2463 2518 eamur
2483 2478 2609 2523 emo
2628 2506 2643 2523 .
2672 2463 2986 2523 charissimi.
3021 2473 3214 2523 (manta
3250 2465 3304 2519 in
3332 2464 3585 2520 laboribus
3607 2472 3651 2518 et
3668 2462 3735 2517 do-

2219 2471 2463 2519 tueamur
2483 2478 2609 2534 ergo
2628 2506 2643 2531 ,
2672 2463 2986 2532 charissimi,
3021 2473 3214 2534 quanta
3250 2465 3304 2519 in
3332 2464 3585 2520 laboribus
3607 2462 3735 2518 etde-

2214 2556 2416 2612 loribus
2442 2555 2684 2611 homines
2704 2555 2834 2611 dura
2865 2557 3198 2624 sustineant,
3243 2571 3341 2626 pro
3378 2556 3531 2611 rebus
3561 2570 3667 2626 quas
3682 2555 3736 2608 ri-

2216 2652 2353 2707 tiose
2372 2650 2599 2721 diligunt
2614 2692 2632 2718 ,
2664 2658 2720 2706 et
2748 2658 2949 2721 quanto
2972 2664 3033 2705 se
3056 2650 3138 2705 his
3162 2649 3434 2706 feliciores
3456 2649 3560 2705 ﬁeri
3581 2656 3733 2718 putant,

2210 2751 2365 2800 tanto
2395 2742 2660 2801 infelicius
2688 2743 3090 2814 concupiscunt.
3135 2743 3346 2810 Quanta
3378 2757 3472 2813 pro
3493 2741 3622 2795 falsis
3639 2738 3734 2794 diri-

2217 2834 2304 2889 tiis
2327 2841 2543 2904 ,quanta
2573 2848 2671 2904 pro
2698 2833 2847 2888 vanis
2872 2831 3178 2900 honoribus,
3201 2843 3397 2903 quanta
3428 2828 3733 2902 protludicris'
3816 2840 3825 2901 ‘_

2215 2923 2587 2980 aﬂ‘ectionibus
2631 2924 3075 2994 periculosissima
3105 2934 3159 2980 et
3183 2923 3549 2979 moleSIissima
3586 2921 3735 2993 patien-
3814 2920 3837 3001 ς

2218 3014 2422 3069 tissime
2460 3014 2789 3070 tolerantur!
2821 3014 3100 3079 Pecunite,
3147 3014 3368 3086 glorire,
3400 3014 3607 3069 lascivire
3627 3010 3727 3081 cupi-

2217 3103 2317 3160 dos
2357 3104 2636 3170 videmus,
2678 3113 2736 3163 ut
2761 3104 2828 3160 ad
2855 3103 3158 3160 desiderata
3189 3103 3523 3174 perveniant,
3555 3102 3732 3173 adeptis-
3824 3100 3827 3109 '

2217 3208 2323 3265 que
2363 3207 2467 3247 non
2497 3202 2744 3259 careant,
2772 3193 2941 3260 soles,
2971 3193 3169 3249 imbres
3187 3235 3203 3260 ,
3232 3194 3444 3265 glacies,
3473 3192 3667 3256 tinctus,
3695 3200 3733 3245 et

2220 3284 2695 3356 procellosissimas
2726 3292 3103 3355 tempestates,
3142 3300 3331 3356 aspera
3360 3293 3413 3340 et
3440 3285 3616 3339 incerta
3650 3280 3732 3336 bel-
3822 3338 3827 3345 ,

2218 3377 2391 3433 lorum
2417 3418 2434 3445 ,
2462 3377 2770 3434 immanium
2814 3378 3085 3451 plagarum
3115 3377 3285 3445 ictus,
3327 3387 3381 3435 et
3418 3377 3609 3432 vulnera
3642 3374 3732 3428 lior-

2217 3471 2382 3528 renda
2402 3512 2418 3540 ,
2448 3485 2554 3527 non
2583 3470 2876 3527 inevitabili
2906 3470 3251 3535 necessitate,
3290 3471 3382 3526 sed
3417 3467 3633 3538 culpabili
3664 3480 3733 3518 vo.
3818 3468 3837 3540 ι

2222 3562 2427 3618 luntate
2491 3561 2752 3632 perferre.
2802 3560 2998 3617 Verum
3044 3560 3128 3616 hic
3172 3562 3331 3617 iiClltB
3373 3559 3582 3632 quodam
3618 3554 3732 3613 modo
3814 3554 3837 3637 1]

2217 3654 2468 3712 videntur
2496 3655 2738 3710 insaniae.
3822 3654 3838 3755 ἓ

2290 3744 2634 3851 ρΔΡυΤᾹΥ.
2660 3744 2936 3851 -ιΗωσμ
2959 3747 3101 3801 vanis
3123 3745 3382 3848 laudatur.
3408 3744 3620 3851 hiatuque
3638 3753 3728 3793 ιιι-

2218 3838 2373 3905 ritia,
2425 3837 2684 3903 ambitio,
2737 3837 2973 3903 luxuria,
3017 3844 3072 3892 et
3098 3836 3366 3892 variorum
3409 3834 3728 3889 oblectamenta

2218 3928 2484 3994 ludorum,
2506 3927 2609 3983 nisi
2643 3936 2857 3997 pr0pter
2877 3928 2965 3981 illa
2996 3926 3198 3982 facinus
3234 3926 3441 3998 aliquod
3465 3924 3724 3981 admittatur,

2219 4019 2333 4076 sive
2362 4017 2617 4089 ﬂagitium
2659 4016 2800 4088 quod
2827 4016 3030 4089 legibus
3068 4017 3376 4087 prohibetur
3397 4015 3639 4077 humanis,
3662 4026 3728 4080 ιλιι-
3824 4024 3831 4031 ·

2219 4119 2400 4166 tantur
2425 4108 2494 4164 ad
2525 4110 2877 4165 innocentiam
2904 4110 3172 4180 pertinere
3203 4126 3217 4162 :
3245 4109 3352 4163 imo
3378 4109 3526 4164 etiam
3550 4103 3625 4174 qui
3644 4102 3725 4157 sine

2218 4200 2404 4257 fraude
2426 4199 2764 4272 cujusquam,
2787 4207 2877 4254 aut
2905 4214 3000 4269 pro
3032 4197 3270 4255 habenda
3307 4201 3386 4255 vel
3426 4195 3634 4267 augenda
3655 4206 3722 4260 pc-

2218 4293 2372 4348 cunia
2395 4334 2411 4358 ,
2437 4301 2527 4348 aut
2552 4307 2650 4361 pro
2669 4290 3021 4362 adipiscendis
3046 4291 3128 4345 vel
3158 4290 3443 4346 retinendis
3470 4284 3721 4346 honoribus,

2218 4391 2309 4438 aut
2343 4384 2396 4437 in
2424 4396 2594 4452 agone
2629 4381 2883 4437 certando
2926 4396 3019 4435 seu
3051 4381 3324 4446 venando,
3354 4398 3442 4436 seu
3470 4376 3721 4434 theatricum

2218 4474 2415 4546 aliquid
2446 4473 2796 4544 plausibiliter
2823 4472 3123 4528 exhibendo
3152 4487 3366 4545 magnos
3400 4470 3586 4525 labores
3609 4462 3721 4518 dolo-

2217 4581 2408 4636 resque
2441 4565 2751 4636 pertulerit,
2784 4580 2966 4634 parum
3001 4571 3083 4618 est
3124 4562 3264 4633 quod
3300 4561 3522 4635 populari
3548 4555 3720 4611 vanitate

2221 4658 2385 4715 nullis
2411 4657 2912 4728 reprehensionibus
2935 4656 3235 4724 cohibetur,
3265 4655 3356 4723 sed
3383 4655 3577 4723 insuper
3598 4644 3719 4705 estol-

1719 4778 2003 4822 ΑΒΙΟΝΙΊἸΟ
2032 4784 2109 4822 PP.
2151 4786 2624 4828 BENEDlCTINORUIl.

600 4859 739 4909 uber
758 4856 1074 4928 elementis
1094 4857 1368 4928 recessit"?
1391 4863 1469 4928 est
1488 4856 1539 4905 in
1699 4855 2270 4928 Gemensqundecim;
2316 4860 2589 4928 (ἒοιδθῖιίιιο
2608 4898 2622 4924 ,
2640 4859 2910 4928 εοςδοηιεορ
2935 4861 3187 4928 ιῑίειονιηο,
3213 4851 3719 4928 immiscuerat?

464 4958 483 4973 ο
539 4932 661 4993 tua!
681 4917 1492 4993 resistis_s99!'sems-"sri§éwsis
1511 4952 1539 4993 ν,
1568 4918 1898 4993 summost:
1945 4911 2393 4993 nisis-lucusve;
2425 4911 2753 4993 ειότῖβρὲρείν.
2781 4911 3435 4993 νίιιίὲοείιιεὲιιείν.ίνταιὲιιεηεῖ
3451 4954 3465 4979 ν
3482 4911 3714 4993 “claui”?

540 4975 1223 5051 eudoeqénsirroiviqqusi§~
1248 4980 1443 5051 Missi
1462 5014 1477 5040 ν
1513 4975 1849 5051 Ἀιιίιρςεινθιιξί
1871 4988 1915 5029 s.
1935 4975 2106 5051 Alpini,
2130 4986 2330 5051 \ietensi
2352 4975 2396 5033 εἰ
2419 4982 2644 5051 Αᾳιιιιριιι
2667 5017 2683 5042 ,
2711 4975 2763 5032 et
2803 4982 2970 5051 codice
2991 4975 3196 5051 abbatia:
3229 4983 3396 5034 Casalis
3429 4975 3714 5051 Benedictiiii}

540 5040 760 5115 Romanis
1327 5039 1577 5113 vatimnze.
1600 5039 1909 5115 coitionibus
1932 5045 2078 5115 etiam
2094 5039 2296 5096 collata:
2332 5051 2446 5096 sunt
2467 5039 2709 5095 lectiones
2730 5045 2973 5094 variantes
2993 5044 3289 5115 Belgicorurn
3304 5050 3491 5108 quatuor
3521 5046 3607 5088 ωε
3626 5040 3713 5098 qu“

538 5103 767 5158 viderunt
786 5101 1123 5161 Lovanienses,
1148 5113 1337 5151 necnon
1360 5103 1596 5165 primariae
1615 5101 1855 5153 editiones
1876 5108 1949 5153 Er.
1975 5113 2027 5155 et
2047 5111 2156 5156 ιον.

605 5203 1115 5287 Comparavimus
1134 5209 1433 5283 praeterea
1458 5223 1555 5265 eas
1587 5223 1788 5267 omnes
1813 5205 2113 5269 editiones
2146 5207 2334 5271 initio
2360 5208 2534 5271 Retr.
2565 5216 2620 5267 et
2640 5202 2928 5268 Confess.
2969 5214 3015 5268 ε.
3047 5207 3104 5283 1,
3130 5213 3495 5281 memoratas.
3564 5196 3633 5265 Μο

601 5353 619 5382 ι
654 5346 912 5411 Duodecim
920 5350 1058 5411 pass,
1075 5339 1197 5411 nihil
1217 5342 1333 5411 ntali
1352 5342 1453 5406 pati
1475 5341 1635 5403 possit.

601 5412 623 5443 ³
656 5410 739 5459 Hic
759 5406 986 5458 undecim
1006 5402 1112 5454 uss.
1137 5403 1335 5463 addunt,
1353 5402 1452 5453 non
1473 5402 1632 5454 tamen
1651 5402 1802 5455 nulla.

601 5473 623 5505 ³
654 5456 898 5520 {deum
912 5473 1212 5531 unotantum
1236 5456 1338 5527 Ms,
1362 5478 1448 5516 nec
1472 5465 1631 5515 mimo
1655 5465 1817 5531 iniquo
1837 5456 2109 5521 bona‘desi-

541 5533 768 5584 derantus
789 5545 807 5581 :
822 5532 991 5592 annus
1010 5530 1160 5579 bene.

600 5594 622 5628 ι
654 5602 783 5655 ιον,
820 5590 970 5659 quam
988 5603 1111 5653 quin.
1136 5592 1309 5652 Abest,
1333 5602 1507 5655 quam,
1539 5590 1601 5640 ab
1625 5590 1766 5641 editis
1786 5590 1893 5642 aliis
1920 5601 1985 5645 et
2005 5600 2111 5651 Mss.

600 5679 675 5742 (α)
697 5680 904 5741 Scriptus
921 5675 1045 5727 forte
1068 5682 1182 5724 ante
1205 5688 1383 5724 annum
1402 5675 1508 5724 418.

2282 5348 2298 5379 ¹
2334 5354 2434 5395 Πυο
2448 5352 2575 5417 Μξεο,
2607 5345 2812 5416 evqu
2845 5358 2957 5412 qua
2975 5360 3064 5411 per
3082 5346 3415 5415 impatientiam
3432 5343 3679 5401 ωινωωι

2280 5409 2301 5439 ι
2333 5406 2447 5439 nam
2492 5419 2543 5439 η.
2583 5406 2718 5439 unless:
2780 5408 2919 5439 ιιιοοι
2997 5408 3048 5439 δ..
3122 5424 3147 5439 ο.
3172 5419 3257 5439 μοι,
3340 5417 3383 5439 ΔΙ
3408 5396 3679 5439 nummi!

2333 5406 2469 5516 3h“,
2492 5406 2545 5457 in
2774 5396 2955 5472 Abest,
2975 5396 3051 5461 ἐκ
3119 5396 3392 5475 {sagit
3406 5422 3430 5459 .
3448 5396 3699 5472 metu

2219 5477 2443 5533 Arestoti.

2285 5532 2306 5564 ³
2340 5532 2542 5581 Vaticani
2564 5529 2662 5581 duo
2675 5536 2805 5592 uss,
2832 5528 3049 5584 lubricis.
