3860 6284
123 348 202 405 διδ
913 330 1010 387 ‘DE
1052 295 1431 397 PATIENTIA,
1467 331 1522 387 s.
1556 330 1915 388 aususnon
1944 333 2145 388 LIBER
2179 333 2375 391 usus.

123 467 216 519 litur
236 435 443 514 laudibus
466 471 478 506 :
502 452 744 518 Quoniam
773 450 1031 511 laudatur,
1063 449 1200 502 sicut
1228 450 1481 516 scriptum
1503 455 1602 512 est,

122 564 296 627 peccator
325 553 371 602 in
403 545 648 604 desideriis
689 543 873 596 animm
913 557 1017 596 sua!
1057 540 1229 605 (Psal.
1279 557 1352 609 ts,
1399 540 1474 610 5).
1521 540 1612 595 Vis

121 650 224 703 enim
239 641 580 698 desideriorum
603 636 724 693 facit
749 636 1084 694 tolerantiam
1114 634 1352 691 laborum
1383 643 1438 689 et
1465 633 1613 688 dolo.

118 753 204 792 runt
227 752 238 786 :
260 741 305 787 et
329 744 468 786 nemo
495 729 590 783 nisi
615 742 710 798 pro
739 741 804 782 eo
829 725 968 794 quod
996 724 1247 790 delectat,
1281 734 1474 794 sponte
1495 737 1612 778 sus-

122 827 215 895 cipit
236 825 354 878 ferre
394 819 524 890 quod
553 819 769 874 cruciat.
803 817 908 872 Sed
938 818 1072 882 istae,
1095 825 1154 870 ut
1177 815 1287 870 dixi
1308 859 1322 879 ,
1353 815 1610 885 cupidita-

117 931 195 980 tcs,
223 922 406 986 propter
430 925 555 983 quas
580 909 866 981 explendas
894 909 982 978 qui
1014 909 1093 962 eis
1133 908 1358 978 flagrant
1383 949 1396 972 ,
1444 908 1609 962 multa

115 1009 206 1062 dura
223 1016 267 1060 et
287 1003 455 1059 acerba
496 1002 876 1072 patientissime
914 1001 1212 1066 sustinent,
1238 999 1403 1053 licita:
1428 998 1610 1052 existi-

114 1105 269 1153 mantur
295 1093 583 1165 legibusque
606 1107 897 1147 concessae.

158 1187 336 1243 CAPUT
353 1186 410 1240 ν.
422 1215 491 1225 -
505 1187 557 1239 4.
578 1183 824 1238 Immanis
839 1184 1107 1238 tolerantia
1124 1183 1356 1237 Catilinae
1371 1199 1430 1236 ac
1447 1183 1608 1237 latro-

111 1298 206 1335 mou.
222 1279 332 1347 Quid
357 1277 490 1348 quod
503 1279 661 1333 etiam
685 1293 779 1348 pro
803 1278 1001 1348 apertis
1030 1277 1340 1343 sceleribus,
1358 1292 1464 1331 non
1481 1287 1607 1330 utea

111 1373 284 1440 puniant,
302 1368 386 1424 sed
407 1375 461 1424 ut
481 1376 806 1438 perpetrent,
838 1368 1001 1422 multa
1029 1367 1271 1421 homines
1297 1368 1607 1437 gravissima

114 1460 342 1531 perferunt?
358 1459 537 1514 Nonne
554 1459 620 1514 de
638 1457 865 1529 quodam
889 1458 1219 1513 nobilissimo
1241 1459 1423 1528 patria:
1443 1459 1609 1527 parri-

116 1551 183 1604 eid:
200 1550 492 1606 saecularium
516 1549 815 1604 litterarum
843 1548 1130 1618 loquuntur
1163 1557 1432 1611 auctores,
1466 1548 1605 1616 quod

109 1641 259 1707 amem,
275 1641 421 1706 sitim,
441 1640 604 1711 frigus
621 1639 762 1696 ferre
785 1649 1020 1710 poterat,
1050 1640 1270 1709 ejusque
1287 1651 1605 1708 cratem-pus

105 1733 246 1799 totiens
259 1730 461 1796 inediae,
495 1730 713 1801 algoris,
733 1731 922 1800 vigilite
942 1772 956 1796 ,
988 1745 1144 1799 supra
1174 1747 1328 1800 quam
1360 1732 1602 1800 cuiquam

100 1821 286 1876 credibile
305 1829 379 1876 est
407 1820 668 1893 (Sallust.,
701 1821 849 1876 Catil.
881 1838 993 1892 cap.
1017 1822 1113 1891 5)?
1137 1821 1272 1887 Quid
1295 1822 1360 1876 de
1387 1822 1606 1876 latr0ai-

102 1912 170 1964 bus
187 1911 347 1976 dicam,
371 1927 594 1982 quorum
636 1927 824 1966 omnes
850 1913 865 1943 ί
897 1927 1016 1966 cum
1050 1913 1364 1966 insidiantur
1393 1913 1604 1966 viatori-

98 2004 177 2069 bus,
191 2013 341 2059 noctes
357 2007 723 2074 perpetiuntur
740 2005 1030 2070 insomnes,
1057 2013 1215 2075 atque
1242 2014 1296 2059 ιιι
1328 2017 1602 2059 transmin-

100 2096 385 2166 tesexcipiant
413 2096 744 2161 innocentes,
762 2096 860 2149 sub
894 2096 1128 2165 qualibet
1161 2097 1278 2151 coeli
1318 2097 1602 2165 asperitate

97 2195 310 2240 nocentem
334 2188 562 2241 animum
595 2201 894 2257 corpusque
923 2187 1196 2257 defigunt?
1223 2187 1446 2255 Quidam
1473 2205 1600 2243 vero

93 2290 226 2330 eorum
251 2278 456 2332 invicem
483 2288 736 2348 torquere
767 2277 1132 2348 perhibentur,
1168 2278 1235 2331 ita
1265 2288 1319 2332 ut
1346 2281 1604 2334 exercita-

95 2368 144 2420 tio
162 2379 308 2424 contra
337 2385 513 2439 poenas
551 2371 684 2424 nihil
709 2371 867 2425 distet
891 2387 918 2423 ιι
951 2371 1141 2439 poenis.
1173 2369 1286 2424 Non
1314 2373 1453 2425 enim
1489 2382 1602 2426 tan-

93 2471 164 2512 tum
193 2460 400 2518 fortassis
435 2463 815 2517 excruciantur
840 2477 868 2514 a
905 2461 1083 2532 judice
1132 2470 1189 2514 ut
1235 2477 1262 2514 a
1299 2462 1599 2518 dolentibus

92 2552 228 2606 veritas
252 2552 547 2623 inquiratur,
594 2563 852 2623 quantum
879 2569 907 2605 τι
936 2553 1044 2606 suis
1070 2552 1231 2606 sociis
1260 2563 1313 2606 ut
1340 2568 1368 2606 a
1401 2554 1602 2622 patien-

91 2643 186 2697 tibus
219 2659 310 2698 non
351 2645 601 2714 prodatur
629 2647 671 2696 ³.
714 2645 781 2698 Ει
810 2655 983 2698 tamen
1023 2644 1076 2697 in
1119 2643 1201 2697 his
1229 2644 1473 2699 omnibus
1503 2646 1600 2700 tui-

91 2734 208 2789 nnda
229 2745 298 2790 est
319 2737 489 2806 potius
514 2753 678 2808 quam
711 2737 970 2792 laudanda
1011 2737 1259 2807 patientia
1307 2756 1318 2791 :
1365 2738 1471 2790 imo
1501 2752 1599 2792 nec

91 2824 268 2880 miranda
292 2844 382 2883 nec
408 2829 671 2884 laudanda
697 2871 711 2895 ,
759 2845 878 2899 qua:
907 2829 1049 2883 nulla
1087 2839 1167 2883 est
1193 2846 1207 2894 ;
1240 2829 1331 2884 sed
1361 2829 1597 2884 miranda

87 2915 239 2984 duritia,
268 2922 493 2991 neganda
525 2923 779 2992 patientia
813 2941 825 2976 :
856 2922 985 2976 nihil
1013 2933 1188 2976 autem
1220 2923 1323 2976 illic
1347 2922 1464 2991 jure
1487 2923 1601 2976 latt-

83 3007 284 3080 dattduut,
312 3013 435 3069 nihil
463 3017 670 3070 utiliter
694 3015 1007 3070 imitandum
1036 3015 1058 3047 ³
1081 3031 1096 3080 ;
1129 3025 1377 3086 tantoque
1403 3019 1597 3072 reetius

84 3103 229 3169 majore
250 3105 497 3176 supplicio
517 3105 743 3176 dignum
765 3106 1087 3176 iudicaveris
1112 3107 1368 3173 animum,
1398 3118 1597 3178 quanto

84 3192 203 3261 nugis
235 3195 360 3250 vitiis
401 3195 583 3251 subdit
632 3196 981 3252 instrumenta
1017 3199 1292 3252 virtutum.
1337 3199 1595 3254 Patientia

85 3293 212 3338 comes
242 3294 315 3340 est
351 3289 664 3358 sapientiae,
709 3305 814 3345 non
859 3288 1054 3344 famula
1103 3291 1546 3361 concupiscentia:
1579 3312 1591 3347 :

81 3373 268 3439 patientia
311 3380 473 3435 amica
521 3390 606 3436 est
653 3379 807 3435 bona:
835 3381 1177 3436 conscientia:
1203 3423 1217 3448 ,
1248 3397 1351 3435 non
1385 3383 1593 3437 inimica

73 3462 342 3526 innocentia.

126 3557 303 3618 CAPUT
328 3563 412 3620 Vl.
442 3596 514 3606 —
539 3567 597 3622 5.
633 3565 939 3620 Patientiant
967 3583 1131 3620 verant
1170 3585 1201 3621 a
1251 3569 1382 3638 falsa
1409 3569 1593 3622 distin-

78 3650 294 3715 ςιὶιαιιδα
316 3657 555 3726 patiendi.
589 3657 725 3712 Cum
755 3673 883 3727 ergo
914 3658 1107 3712 videris
1139 3675 1454 3728 quemquam
1499 3675 1592 3730 pa-

78 3738 218 3797 tienter
236 3745 414 3817 aliquid
445 3749 577 3818 pati,
610 3749 715 3804 noli
743 3751 998 3805 continuo
1025 3750 1241 3804 laudare
1264 3751 1589 3820 patientiam,

81 3842 189 3895 (illam
227 3850 320 3891 non
347 3839 582 3894 oetendit
618 3839 717 3894 nisi
765 3854 924 3895 causa
967 3840 1222 3910 patiendi.
1252 3843 1472 3908 Quando
1504 3844 1592 3897 illa

78 3917 174 3976 bona
193 3935 277 3993 est,
303 3937 422 3985 tunc
448 3932 550 3986 ista
583 3947 708 3986 vera
749 3941 828 3987 est
863 3948 876 3984 :
906 3932 1117 4001 quando
1145 3933 1229 3986 illa
1265 3949 1366 3986 non
1399 3935 1592 4004 politii-

77 4018 403 4087 ml’cupiditale
423 4066 437 4090 ,
466 4032 597 4079 tunc
628 4038 656 4077 τι
689 4023 914 4078 falsitate
944 4026 1041 4078 ista
1075 4026 1430 4096 distinguitur.
1453 4026 1587 4082 Cum

80 4115 169 4160 vero
195 4108 268 4164 illa
299 4120 502 4170 tenetur
529 4114 585 4170 in
626 4115 848 4170 crimine
867 4159 881 4181 ,
915 4125 1039 4170 tunc
1065 4117 1224 4186 hujus
1251 4119 1470 4172 multum
1502 4135 1590 4174 cr-

79 4204 182 4252 nutr
215 4201 262 4257 in
302 4207 532 4263 nomine.
563 4207 678 4261 Non
707 4209 850 4262 enim
894 4209 1030 4262 sicut
1057 4224 1242 4263 omnes
1288 4211 1374 4280 qui
1419 4211 1594 4266 sciunt

78 4296 163 4341 sunt
197 4295 455 4367 participes
499 4299 770 4364 scientiae,
829 4299 900 4354 ita
953 4314 1138 4355 omnes
1187 4301 1274 4369 qui
1327 4301 1593 4370 patiuntur

79 4387 166 4433 sunt
197 4387 456 4458 participes
503 4389 776 4458 patientia:
824 4407 836 4441 :

79 4477 264 4543 “luatur,
291 4477 340 4532 lti
363 4480 635 4550 patientiae
656 4481 881 4536 veritate
913 4480 1213 4546 laudantur,
1241 4482 1290 4535 bi
1326 4482 1591 4550 patientia:

77 4573 242 4622 munere
263 4581 598 4625 coronantur.

126 4651 310 4714 CAPUT
333 4661 436 4717 Vll.
457 4692 532 4702 —
551 4663 605 4718 6.
637 4661 741 4717 Pro
765 4675 951 4719 (eterna
979 4665 1139 4718 salute
1166 4675 1354 4733 quanta
1383 4665 1594 4733 stt/ferre

77 4741 209 4800 Metu
233 4752 323 4819 pii,
359 4754 401 4808 si
431 4763 572 4808 tanta
601 4771 692 4825 pro
731 4755 994 4824 temporali
1025 4755 1124 4808 vita
1159 4756 1420 4826 patiuntur
1446 4758 1588 4811 nauli.

80 4828 166 4887 Νοκ
191 4841 353 4896 enim
376 4854 570 4899 tantum
591 4887 606 4913 ,
638 4845 725 4900 sed
748 4846 847 4917 ipsi
867 4861 1062 4915 quoque
1087 4847 1288 4916 corpori
1315 4847 1592 4900 consulitur

77 4931 233 4995 {aeide
253 4947 446 4992 mortem
475 4949 523 4994 et
547 4939 764 4994 dolores.
794 4937 1169 4994 Verumtamen
1197 4955 1314 4994 cum
1343 4955 1440 5012 pro
1470 4940 1590 4995 libi-

75 5017 258 5090 dinibus,
296 5030 375 5084 vel
415 5032 576 5086 etiam
613 5031 923 5096 sceleribus,
957 5046 1076 5085 cum
1104 5031 1332 5102 denique
1363 5048 1457 5102 pro
1488 5033 1588 5086 ista

77 5121 300 5187 temporali
324 5124 424 5178 vita
451 5140 516 5180 ac
543 5125 711 5181 salute
739 5125 900 5178 multa
933 5125 1174 5178 homines
1201 5124 1465 5179 horrenda
1494 5125 1590 5179 mi-

78 5205 268 5266 rabiliter
293 5215 578 5283 sufferunt;
602 5216 732 5272 satis
762 5231 860 5271 nos
885 5215 1170 5271 admonent
1201 5227 1394 5286 quanta
1424 5215 1589 5270 suffe-

77 5300 203 5356 renda
224 5305 319 5360 sint
339 5323 435 5378 pro
459 5308 565 5363 vita
593 5309 728 5363 bona
747 5349 761 5374 ,
790 5318 846 5362 ut
875 5310 1033 5364 etiam
1064 5316 1244 5377 postea
1278 5308 1443 5377 possit
1471 5322 1592 5363 esse

79 5398 255 5461 aeterna,
281 5404 332 5452 et
364 5399 478 5454 sine
507 5400 613 5455 ullo
639 5400 894 5469 temporis
932 5399 1178 5462 termino,
1211 5400 1326 5454 sine
1352 5399 1590 5454 utilitatis

77 5482 198 5542 ullius
216 5488 515 5548 detrimento
539 5509 658 5549 vera
679 5493 928 5549 felicitate
952 5508 1158 5548 secura.
1190 5492 1444 5546 Dominus
1474 5493 1547 5546 ait
1571 5533 1586 5560 ,

123 5659 139 5732 Ξ
164 5665 265 5732 Pes
282 5671 458 5715 ιωιιιιω
482 5675 610 5732 etes»
631 5668 712 5732 qui
731 5680 910 5720 οηυιεδο

122 5719 140 5794 ξ
164 5722 226 5794 §ic
244 5731 355 5794 Itss_._
368 5735 417 5776 At
433 5729 564 5794 editi,
587 5719 868 5794 prbdautur.

125 5779 142 5810 ³
166 5786 360 5836 Nonnulli
381 5796 505 5852 ωδε,
529 5779 816 5843 laudandum
840 5779 920 5843 ubi
941 5789 1062 5842 nihil
1088 5788 1262 5840 utiliter
1280 5788 1583 5844 imitandum.

883 4389 975 4444 sed
1016 4390 1108 4460 qui
1152 4391 1397 4460 passione
1449 4389 1630 4447 recte'

3191 343 3306 397 ’6”

1723 447 1790 502 In
1830 459 1992 504 vestra
2037 451 2279 519 patientia
2321 452 2634 522 possidebitis
2677 455 2871 509 animas
2920 466 3105 511 vestras
3151 460 3300 532 (Luc.

1721 560 1840 609 im,
1877 542 2006 618 i9):
2041 561 2147 600 non
2196 547 2302 612 ait,
2352 549 2504 603 villas
2552 560 2788 617 vestras,
2837 551 3018 606 laudes
3065 563 3303 619 vestras,

1721 636 1957 693 luxurias
1997 647 2234 704 vestras;
2275 641 2368 694 sed
2392 683 2406 707 ,
2448 643 2644 696 animas
2673 652 2880 698 vestras.
2909 644 2962 699 Si
2990 659 3118 715 ergo
3159 655 3301 703 tanta

1719 726 1905 782 suffert
1930 730 2104 782 anima
2137 739 2192 784 ut
2217 732 2482 799 possideat
2509 733 2647 786 unde.
2667 743 2890 804 pereat,
2923 745 3116 804 quanta
3145 735 3301 792 debet

1706 818 1944 872 sufferre
1977 835 2042 872 uc
2067 821 2283 890 pereat?
2313 822 2513 876 Deinde
2535 863 2547 886 ,
2583 833 2638 876 ut
2665 824 2790 878 illud
2819 824 2992 879 dicam
3016 826 3155 896 quod
3187 827 3302 881 cul-

1717 908 1893 979 pabile
1924 925 2027 964 non
2060 921 2144 965 est
2164 953 2177 974 ,
2206 912 2248 965 si
2283 921 2422 966 tanta
2454 913 2639 968 sul'fert
2665 929 2762 984 pro
2792 917 2961 970 salute
2991 917 3168 971 carnis
3192 933 3303 972 suae

1720 999 1858 1052 inter
1902 1016 2090 1056 manus
2136 1003 2428 1056 secantiutn
2477 1004 2588 1058 sive
2633 1005 2895 1059 urcntium
2938 1007 3300 1072 medicorum,

1717 1099 1912 1159 quanta
1939 1091 2096 1146 debet
2127 1090 2349 1148 sufferre
2395 1111 2489 1164 pro
2526 1097 2699 1150 salute
2743 1111 2837 1150 sua
2872 1099 2887 1128 ¹
2917 1099 3054 1152 inter
3096 1099 3302 1153 furores

1717 1181 2073 1248 quorumlibet
2120 1179 2492 1238 inimicorum?
2533 1185 2667 1240 Cum
2717 1187 2940 1254 medici,
2995 1204 3060 1242 ne
3107 1205 3302 1259 corpus

1718 1271 1995 1336 moriatur,
2039 1289 2131 1342 per
2158 1289 2340 1344 poenas
2367 1276 2576 1344 corpori
2606 1278 2921 1341 consulant;
2961 1280 3157 1334 inimici
3201 1295 3299 1333 au-

1717 1368 1822 1413 tem
1895 1376 2081 1431 plenas
2130 1372 2183 1418 ct
2234 1373 2459 1420 mortem
2517 1367 2728 1436 corpori
2780 1369 3185 1436 comminando,
3242 1379 3298 1424 ut

1711 1455 1888 1508 anima
1914 1464 1968 1508 et
1996 1470 2191 1525 corpus
2212 1455 2269 1509 in
2300 1457 2540 1527 gelten-na
2563 1459 2834 1533 occidatur
2860 1460 3152 1529 impellant.

1785 1547 1835 1600 7.
1865 1547 2175 1617 Quanquam
2194 1559 2245 1603 et
2273 1550 2367 1619 ipsi
2391 1551 2600 1620 corpori
2628 1562 2750 1606 tunc
2779 1553 3140 1621 providentius
3167 1569 3299 1609 con-

1711 1639 1935 1704 sulatur,
1961 1641 2005 1694 si
2030 1643 2335 1711 temporalis
2354 1643 2496 1698 salus
2521 1644 2636 1713 ejus
2660 1660 2752 1713 pro
2769 1645 2969 1714 jnstitia
2985 1657 3296 1703 contemna-

1713 1739 1798 1784 tur
1821 1773 1834 1794 ,
1863 1739 1915 1785 et
1945 1745 2099 1800 paena
2133 1733 2216 1787 vel
2253 1749 2400 1788 mors
2419 1735 2532 1801 ejus
2557 1736 2941 1804 patientissime
2972 1753 3067 1807 pro
3091 1738 3295 1806 justitia

1711 1821 2014 1874 sulferatur.
2065 1823 2138 1877 De
2183 1825 2422 1893 corporis
2449 1826 2661 1895 ,quippe
2699 1826 3064 1897 redemptione
3091 1845 3208 1899 qua}
3240 1830 3294 1884 in

1711 1913 1813 1966 fine
1853 1913 2022 1967 futura
2052 1923 2168 1980 est,
2211 1916 2444 1984 loquitur
2479 1919 2762 1985 Apostolus
2785 1960 2800 1983 ,
2834 1919 2921 1973 ubi
2955 1919 3028 1972 ait
3056 1936 3070 1972 :
3105 1919 3170 1973 Et
3195 1921 3293 1991 ipsi

1707 2007 1759 2058 in
1783 2007 2148 2077 nobismetipsis
2169 2009 2559 2078 ingemiscimus,
2581 2010 2900 2079 adoptionem
2923 2011 3178 2080 ﬁliorum‘
3207 2027 3295 2065 ex-

1707 2087 1988 2165 spectantes
2044 2100 2432 2167 redemptionem
2458 2103 2680 2169 corporis
2711 2102 2884 2156 nostri.
2921 2101 3120 2157 Deinde
3168 2102 3295 2156 sub-

1702 2188 1878 2258 junin
1911 2208 1922 2242 :
1957 2190 2063 2260 Spe
2093 2191 2225 2244 enim
2269 2193 2395 2246 salvi
2431 2194 2553 2264 facti
2595 2210 2788 2249 sumus.
2837 2193 2966 2264 Spes
2991 2205 3155 2249 autem
3181 2211 3295 2264 qum

1707 2283 1901 2336 ridetur
1923 2325 1937 2349 ,
1989 2301 2088 2337 non
2119 2294 2189 2338 est
2217 2301 2329 2354 spes
2355 2301 2374 2338 :
2396 2286 2530 2354 quod
2559 2287 2693 2338 enim
2731 2286 2860 2339 videt
2901 2285 3014 2356 quis
3033 2328 3046 2352 ,
3087 2287 3209 2356 quid
3246 2297 3294 2341 et

1704 2384 1874 2441 sperat
1902 2373 1962 2425 3?
1993 2375 2055 2428 Si
2096 2384 2260 2427 autem
2297 2376 2432 2445 quod
2474 2393 2574 2429 non
2615 2377 2838 2430 videmus
2875 2393 3137 2445 speramus
3161 2419 3173 2442 ,
3204 2394 3292 2447 per

1707 2466 1998 2533 patientiam
2026 2476 2370 2534 exspectamus
2398 2465 2570 2537 (Rom.
2601 2482 2714 2531 Vttt,
2742 2465 2953 2537 23-25).

1775 2552 1998 2608 CAPUT
2023 2553 2153 2608 V’lll.
2185 2584 2256 2596 —-
2284 2554 2697 2610 Patieittiw‘usus
2717 2557 2769 2610 in
2808 2557 2978 2610 animo
3007 2567 3053 2610 et
3089 2559 3143 2611 in
3172 2575 3290 2613 cor-

1705 2662 1842 2715 pore.
1871 2646 2002 2702 Cum
2033 2663 2159 2718 ergo
2191 2657 2436 2715 torquent
2462 2649 2634 2718 aliqua
2666 2651 2825 2714 mala,
2857 2649 2952 2704 sed
2982 2665 3086 2703 non
3107 2660 3289 2705 extor—

1703 2746 1867 2805 quent
1911 2751 2071 2806 opera
2100 2738 2236 2791 tnala
2257 2780 2270 2801 ,
2316 2753 2423 2793 non
2452 2739 2624 2792 solum
2656 2740 2830 2793 anima
2861 2756 2956 2810 per
2984 2741 3286 2810 patientiam

1704 2825 2033 2896 possidetur;
2088 2844 2271 2882 verum
2321 2829 2478 2882 etiam
2525 2844 2644 2883 cum
2687 2846 2780 2900 per
2817 2831 3123 2900 patientiam
3167 2847 3290 2888 cor—

1704 2931 1802 2986 pus
1829 2917 1998 2987 ipsum
2023 2918 2086 2972 ad
2118 2927 2326 2987 tempus
2349 2919 2600 2990 affligitur
2630 2921 2710 2974 vel
2739 2922 3026 2989 amittitur,
3055 2922 3106 2976 in
3128 2932 3286 2979 teter-

1703 3023 1823 3062 nam
1871 3009 2209 3065 stabilitatem
2257 3010 2587 3080 solutamque
2637 3012 2958 3080 resumitur,
3007 3022 3062 3068 et
3099 3013 3149 3068 ei
3195 3029 3292 3084 per

1701 3099 1942 3154 dolorem
1979 3109 2034 3154 et
2079 3110 2302 3155 mortem
2346 3100 2664 3157 inviolabilis
2707 3103 2907 3156 sanitas
2936 3111 2990 3157 et
3020 3103 3142 3158 felix
3181 3105 3285 3158 im-

1701 3192 1996 3246 mortalitas
2040 3201 2398 3261 comparatur.
2441 3192 2592 3248 Unde
2636 3193 2894 3249 Dominus
2919 3195 3074 3250 Jesus
3101 3196 3166 3250 ad
3193 3213 3288 3268 pa-

1701 3284 1937 3337 tientiam
1978 3285 2266 3338 exhortans
2308 3293 2566 3357 martyres
2592 3301 2746 3354 suos,
2786 3288 2946 3352 etiam
2979 3289 3142 3360 ipsius
3161 3305 3288 3346 cor-

1699 3374 1846 3443 poris
1901 3373 2260 3445 integritatcm
2317 3375 2546 3430 futuram
2601 3377 2716 3432 sine
2767 3378 3120 3448 cujusquam,
3179 3395 3286 3436 non

1700 3465 1874 3521 dicam
1903 3467 2147 3533 membri,
2181 3467 2273 3521 sed
2303 3467 2474 3537 capilli
2503 3467 2809 3535 amissione,
2839 3471 3100 3540 promisit.
3127 3473 3287 3526 Amen

1699 3556 1813 3610 dico
1839 3558 1976 3610 vobis
2001 3600 2015 3623 ,
2059 3557 2262 3627 inquit.
2302 3558 2518 3628 capillus
2561 3560 2744 3628 capitis
2789 3562 2939 3614 vestri
2967 3578 3068 3615 non
3110 3563 3286 3634 peribit

1704 3645 1853 3716 (Luc.
1883 3663 1997 3713 xxt,
2032 3647 2140 3718 18).
2173 3647 2241 3703 Ut
2263 3651 2510 3719 quoniam
2541 3667 2684 3704 nemo
2715 3667 2952 3723 unquam,
2983 3653 3120 3708 sicut
3148 3655 3288 3722 Apo-

1699 3739 1867 3792 stolus
1892 3739 2050 3803 dicit,
2083 3756 2284 3793 carnem
2309 3757 2456 3794 suam
2483 3741 2598 3794 odio
2623 3741 2797 3795 habuit
2827 3742 3042 3814 (Ep/tes.
3074 3761 3138 3812 ν,
3165 3746 3283 3820 29),

1700 3832 1867 3901 magis
1898 3832 2058 3886 homo
2099 3833 2270 3888 fidelis
2313 3849 2406 3901 per
2438 3835 2740 3902 patientiam
2770 3852 2928 3906 quam
2972 3853 3067 3907 per
3110 3840 3281 3909 impa-

1702 3923 1936 3977 tientiam
1986 3939 2083 3992 pro
2131 3933 2269 3979 statu
2317 3942 2426 3979 sua:
2458 3928 2635 3980 carnis
2680 3927 2948 3998 invigilet,
2999 3941 3052 3984 ct
3096 3931 3285 3989 futura:

1700 4014 2111 4083 incorruptionis
2141 4015 2490 4069 inaestimabili
2519 4017 2668 4071 lucro
2683 4019 3136 4090 quantalibetejus
3154 4038 3286 4092 prgc-

1698 4109 1865 4162 setttia
1891 4107 2082 4160 damna
2112 4116 2439 4178 compensct.

1770 4199 1823 4252 8.
1851 4197 2102 4264 Quamvis
2128 4207 2302 4251 autem
2333 4198 2581 4268 patientia
2609 4200 2777 4255 virtus
2806 4200 2874 4255 sit
2911 4202 3070 4257 animi
3099 4245 3113 4270 ,
3157 4221 3281 4277 par-

1699 4290 1791 4343 tim
1837 4299 2010 4344 tamen
2042 4306 2102 4345 ca
2133 4291 2297 4345 utitur
2320 4293 2528 4347 animus
2570 4293 2622 4348 in
2665 4309 2724 4350 se
2752 4295 2868 4364 ipso
2890 4339 2903 4359 ,
2933 4299 3121 4366 partim
3153 4315 3282 4353 vero

1700 4381 1750 4434 in
1789 4396 2014 4450 corpore
2053 4397 2170 4437 suo.
2218 4383 2273 4436 ltt
2305 4398 2362 4438 se
2403 4385 2517 4454 ipso
2547 4385 2709 4439 utitur
2738 4387 3019 4455 patientia,
3068 4391 3280 4460 quando

1699 4471 1867 4526 illaeso
1898 4481 1949 4525 et
1993 4473 2192 4527 intacto
2225 4487 2447 4544 corpore
2486 4475 2683 4544 aliquid
2724 4477 2865 4546 qttod
2897 4494 3001 4532 non
3034 4482 3283 4550 expediat

1699 4565 1784 4619 vel
1811 4580 1915 4619 non
1943 4565 2127 4620 deceat
2151 4608 2164 4631 ,
2213 4564 2390 4622 facere
2419 4577 2508 4621 aut
2535 4566 2713 4622 dicere
2740 4569 3058 4638 quibuslibet
3088 4571 3279 4626 adver-

1699 4658 1942 4713 sitatihus
1972 4667 2061 4712 aut
2090 4657 2421 4714 fmditatibus
2452 4674 2627 4713 rerum
2658 4675 2754 4714 seu
2779 4661 3061 4715 verborum
3095 4663 3283 4717 stimu-

1698 4752 1761 4806 lis
1792 4751 2035 4807 incitatur
2062 4751 2081 4782 δ
2101 4794 2116 4819 ,
2160 4761 2213 4806 ει
2244 4753 2502 4822 patienter
2546 4753 2682 4806 mala
2710 4753 2886 4806 omnia
2929 4753 3158 4823 tolerat,
3209 4772 3278 4812 ne

1699 4847 1812 4916 ipse
1838 4846 1963 4899 mali
1989 4845 2182 4916 aliquid
2209 4860 2370 4915 opere
2399 4844 2478 4897 vel
2507 4859 2599 4898 ore
2622 4845 2937 4900 committat.

1767 4939 1992 4995 CAPUT
2037 4939 2124 4993 IX.
2167 4970 2238 4980 --
2281 4937 2537 4992 Patientia
2564 4939 2740 4991 animi.
2783 4938 2886 4992 Per
2915 4938 3050 4994 hanc
3078 4941 3282 5011 patien-

1701 5031 1822 5086 tiam
1870 5032 2226 5096 sustinemus,
2276 5031 2433 5084 etiam
2481 5028 2604 5083 dum
2648 5042 2872 5100 corpore
2916 5029 3030 5084 sani
3070 5046 3278 5096 sumus,

1697 5122 1836 5193 quod
1881 5122 2017 5175 inter
2065 5120 2219 5191 hujus
2261 5119 2441 5175 sccculi
2488 5119 2735 5174 scandala
2784 5120 3051 5174 beatitudo
3099 5132 3279 5177 nostra

1697 5214 1940 5269 differtur
1973 5233 1985 5268 ε
2017 5213 2155 5269 unde
2195 5212 2393 5267 dictum
2419 5221 2499 5267 est
2533 5212 2672 5282 quod
2701 5212 2861 5282 paulo
2890 5221 3011 5268 ante
3040 5227 3278 5268 comme-

1698 5308 1936 5374 morari,
1982 5307 2041 5363 Si
2075 5307 2210 5376 quod
2243 5324 2342 5361 non
2367 5307 2590 5361 videmus
2627 5323 2888 5377 speramus
2909 5349 2922 5371 ,
2964 5323 3052 5377 per
3085 5308 3279 5376 patien-
3329 5373 3334 5376 .

1699 5401 1819 5453 tiam
1854 5410 2220 5469 exspectamus.
2271 5399 2379 5454 llac
2417 5398 2669 5469 patientia
2701 5407 2916 5454 sanctus
2955 5397 3117 5452 David
3151 5412 3278 5453 cou-

1764 5604 1779 5636 ⁸
1814 5601 2190 5665 Editiomittuot,
2212 5611 2302 5663 pro
2322 5596 2605 5665 salutesua.
2631 5594 2912 5665 nestituitur
2936 5603 3001 5642 ex
3025 5599 3132 5643 Mss.

1760 5670 1781 5696 ²
1815 5671 1863 5712 ιιι
1889 5663 2048 5726 editis,
2073 5658 2284 5726 filiorum
2309 5658 2414 5709 Dei.
2439 5659 2602 5726 abest,
2631 5658 2737 5726 Dei,
2758 5661 2914 5726 a_t_tss.

1760 5726 1782 5762 ³
1813 5731 1888 5773 Er.
1913 5715 2058 5787 Lugd.
2073 5715 2203 5790 ’νειμ
2224 5728 2356 5779 Lov.,
2379 5719 2498 5790 quid
2516 5721 2679 5790 sperat
2703 5715 2730 5787 ξ
2751 5789 2755 5790 ί
2790 5723 2846 5790 at.

1762 5793 1784 5820 δ
1816 5793 1942 5849 Mss,
1961 5774 2042 5838 δὲιι
2060 5782 2305 5836 verborum
2327 5774 2465 5844 quasi
2486 5774 2690 5832 stimulis
2710 5774 2954 5830 incitatur.
