3860 6284
575 343 682 402 615

576 459 822 518 viciantis
863 455 1153 530 opprobria
1197 451 1480 517 toleravit,
1532 459 1580 504 et
1624 463 1742 501 eum
1792 446 1942 501 facile
1988 450 2166 514 posset

582 553 798 617 ulcisci,
849 565 955 606 non
1011 548 1186 604 solum
1224 559 1329 600 non
1369 541 1524 608 fecit,
1572 554 1755 594 verum
1785 546 1840 592 et
1880 537 2040 590 alium
2071 547 2168 602 pro

581 660 644 701 se
680 642 948 698 dolentem
985 644 1417 704 commotumque
1441 628 1771 700 compescuit
1808 625 1876 696 (Il
1897 625 2024 695 Reg.
2055 639 2163 689 xvr,

581 734 775 804 5-12);
825 739 880 787 et
917 735 1229 800 potestatem
1275 724 1474 794 regiam
1520 719 1688 790 magis
1727 716 1965 771 adhibuit
1991 714 2167 784 probi-

582 829 792 892 bendo,
835 838 994 895 quam
1039 817 1336 876 exercendo
1385 813 1670 870 vindictam
1719 811 1761 864 ¹.
1814 808 1996 878 Neque
2043 817 2168 860 tunc

578 900 694 991 ejus
721 929 915 986 corpus
956 914 1134 983 aliquo
1177 908 1365 964 morbo
1416 903 1753 974 afﬁigebatur
1792 909 1885 955 aut
1920 899 2164 964 vulnere,

578 988 674 1066 sed
703 1003 1014 1062 humilitatis
1044 1011 1251 1070 tempus
1281 994 1704 1068 agnoscebatur,
1748 1005 1812 1046 ac
1849 988 2120 1046 ferebatur
2145 989 2166 1019 ⁸

577 1105 825 1159 voluntas
873 1096 1007 1162 Dei,
1061 1100 1276 1165 propter
1328 1103 1489 1160 quam
1547 1083 1938 1156 patientissimo
1985 1081 2167 1136 animo

582 1188 882 1248 amaritudo
924 1182 1265 1242 contumelia:
1313 1179 1612 1234 bibebatur.
1665 1175 1812 1230 Hanc
1856 1171 2166 1243 patientiam

583 1283 843 1341 Dominus
866 1277 1087 1343 docuit,
1111 1272 1324 1346 quando
1350 1269 1632 1326 commotis
1655 1267 1676 1300 ³
1694 1266 2016 1322 zizaniorum
2043 1278 2168 1334 pcr-

585 1375 844 1432 mixtione
905 1369 1074 1426 servis
1105 1407 1120 1431 ,
1164 1375 1218 1421 et
1272 1363 1572 1419 volentibus
1607 1373 1670 1416 ea
1707 1359 1959 1428 colligere
1981 1397 1996 1420 ,
2037 1354 2171 1410 dixit

583 1465 927 1539 respondisse
968 1456 1436 1533 patremfamilias.
1490 1453 1658 1510 Sinite
1701 1461 1913 1522 atraque
1952 1463 2172 1504 crescere

582 1575 742 1631 usque
764 1556 832 1611 ad
864 1569 1070 1609 messem
1100 1549 1315 1621 (.‘datth.
1345 1563 1477 1614 xm,
1510 1546 1622 1616 30).
1659 1543 1882 1615 Oportet
1907 1541 2048 1597 enim
2074 1555 2170 1610 pa-

587 1651 780 1707 tienter
835 1645 990 1710 ferri,
1031 1642 1172 1714 quod
1224 1639 1534 1696 festinanter
1581 1650 1688 1691 non
1736 1641 1945 1704 oportet
1995 1631 2171 1687 aufer-

585 1741 655 1796 ri.
711 1738 881 1808 Hujus
916 1743 971 1791 et
1014 1733 1128 1804 ipse
1161 1730 1425 1802 patientia:
1451 1727 1671 1798 praebuit
1709 1735 1764 1780 et
1790 1720 2174 1780 demonstravit

587 1830 935 1901 exemplum,
989 1823 1202 1896 quando
1248 1829 1372 1876 ante
1419 1819 1722 1891 passionem
1776 1814 2016 1885 corporis
2063 1811 2168 1878 sui,

589 1921 913 1992 discipulum
945 1916 967 1949 ⁸
997 1914 1185 1972 Judam
1237 1911 1542 1983 priusquam
1591 1905 1898 1963 ostenderet
1951 1903 2172 1958 tradito-

587 2029 728 2078 rem,
756 2009 971 2082 pertulit
996 2007 1168 2062 furem
1198 2003 1374 2075 (Joan.
1408 2015 1503 2064 xu,
1531 2000 1586 2064 6,
1609 2009 1656 2052 et
1681 2013 1794 2062 xm,
1817 1994 1940 2063 29);
1971 2003 2023 2049 et
2047 2001 2170 2048 ante

586 2104 1010 2176 experimentum
1041 2097 1368 2153 vinculorum
1397 2103 1452 2149 et
1480 2093 1654 2148 crucis
1677 2101 1730 2145 et
1760 2089 1946 2143 martis
1969 2129 1984 2154 ,
2019 2086 2170 2141 labiis

583 2197 703 2267 ejus
725 2194 926 2249 dolosis
955 2206 1059 2246 non
1091 2187 1300 2258 negavit
1323 2184 1564 2240 osculum
1593 2181 1736 2252 pacis
1767 2178 1979 2250 (Matth.
2011 2192 2166 2240 xxvi,

582 2287 702 2358 29).
737 2285 861 2340 "me
890 2281 1066 2338 omnia
1087 2321 1102 2345 ,
1149 2287 1203 2334 et
1228 2278 1273 2332 si
1301 2292 1402 2347 qua
1433 2275 1532 2329 alia
1557 2282 1679 2327 sunt
1702 2286 1818 2342 qua:
1848 2281 2172 2325 commemo-

588 2391 710 2433 rare
735 2376 949 2445 longum
978 2380 1080 2438 est,
1110 2369 1178 2424 ad
1199 2384 1320 2424 cum
1345 2364 1608 2437 patientia:
1637 2362 1852 2424 modum
1882 2361 2168 2432 pertinent,

587 2486 695 2541 quo
719 2469 927 2523 animus
956 2479 1061 2520 non
1085 2476 1178 2516 sua
1206 2467 1442 2532 peccata,
1471 2455 1566 2512 sed
1593 2468 1942 2526 quaecumque
1968 2450 2171 2505 extrin-

587 2577 747 2620 secus
773 2561 908 2616 mala
933 2557 1192 2629 patienter
1215 2551 1442 2610 sustinet
1466 2549 1518 2604 in
1549 2562 1608 2603 se
1636 2547 1752 2616 ipso
1775 2587 1789 2611 ,
1824 2559 1922 2601 suo
1954 2555 2172 2614 prorsus

585 2668 812 2726 corpore
833 2651 1016 2706 illmso.

660 2724 885 2801 CAPUT
923 2740 992 2796 Χ.
1033 2769 1104 2780 -
1155 2733 1412 2790 Patientia
1461 2731 1513 2785 in
1561 2728 1779 2784 externis
1819 2724 2168 2780 incommodis.

597 2838 823 2908 Utraque
851 2831 1090 2905 patientia
1126 2829 1179 2883 in
1207 2823 1540 2896 Martyribns.
1585 2819 1854 2874 Patientia
1879 2818 2042 2887 majus
2062 2832 2172 2870 cer-

591 2943 760 2984 tamen
783 2924 986 2981 diabolo
1010 2922 1257 2977 swviente.
1285 2917 1433 2973 Alius
1459 2922 1540 2970 est
1567 2921 1745 2968 autem
1777 2909 2043 2981 patientiae
2069 2922 2174 2963 mo-

591 3021 730 3085 dus,
774 3030 882 3087 quo
918 3012 1057 3068 idem
1100 3010 1215 3080 ipse
1245 3007 1454 3062 animus
1482 3015 1830 3074 qumcumque
1875 2999 2096 3054 molesta
2122 3005 2176 3052 et

588 3109 768 3183 gravia
799 3106 854 3162 in
889 3103 970 3160 sui
999 3099 1238 3172 corporis
1269 3096 1604 3169 passionibus
1635 3091 1864 3164 perfert;
1909 3104 2014 3144 non
2039 3089 2176 3145 sicut

595 3181 744 3258 stulti
771 3198 853 3254 vel
878 3194 1092 3266 maligni
1117 3191 1360 3247 homines
1379 3231 1393 3254 ,
1420 3197 1642 3260 propter
1671 3181 2010 3254 adipiscenda
2041 3195 2173 3235 vana

591 3295 677 3350 vel
704 3291 909 3348 scelera
943 3281 1333 3359 perpetranda;
1375 3279 1469 3335 sed
1514 3279 1650 3332 sicut
1675 3291 1704 3330 a
1734 3274 1958 3330 Domino
1985 3271 2176 3327 defini-

592 3394 705 3438 tum
722 3389 822 3445 est,
847 3374 1305 3448 propterjustitiam
1324 3368 1536 3440 (Matth.
1556 3382 1611 3432 v,
1631 3367 1739 3436 ιθ).
1759 3364 1995 3434 Utroque
2019 3360 2178 3417 modo

595 3473 765 3531 sancti
797 3479 1056 3540 martyres
1080 3470 1437 3522 certaverunt.
1466 3459 1593 3514 Nam
1615 3468 1668 3513 et
1687 3457 1967 3526 impiorum
1992 3467 2179 3524 oppro-

601 3565 730 3620 briis
758 3559 978 3617 saturati
1006 3564 1164 3619 sunt,
1193 3553 1281 3608 ubi
1310 3551 1522 3606 animus
1551 3563 1776 3618 corpore
1803 3547 2002 3601 intacto
2027 3557 2178 3615 quas-

598 3657 722 3712 dam
765 3651 927 3708 veluti
973 3649 1152 3721 plagas
1186 3660 1310 3702 suas
1347 3645 1552 3714 integer
1579 3641 1846 3704 sustinet;
1888 3647 1946 3694 et
1976 3638 2028 3692 in
2055 3651 2177 3692 cor-

604 3745 825 3818 poribus
858 3740 1016 3797 vincti
1044 3747 1203 3804 sunt,
1236 3735 1424 3792 inclusi
1454 3741 1579 3789 sunt
1598 3775 1611 3797 ,
1637 3731 1774 3786 fame
1799 3745 1864 3784 ac
1891 3729 1978 3783 siti
2002 3727 2177 3783 affecti

605 3847 766 3902 sunt,
799 3834 922 3890 torti
955 3840 1118 3898 sunt,
1161 3829 1291 3886 secti
1316 3834 1468 3892 sunt,
1518 3822 1754 3880 dilaniati
1783 3830 1935 3889 sunt,
1975 3820 2177 3876 incensi

601 3935 728 3984 sunt
750 3969 765 3992 .
811 3924 1054 3981 trucidati
1082 3931 1206 3977 sunt
1234 3939 1246 3975 :
1276 3929 1330 3975 et
1360 3918 1556 3989 pietate
1597 3915 1854 3970 immobili
1883 3915 1903 3946 ⁸
1930 3913 2180 3970 subdide-

603 4028 728 4076 runt
753 4019 863 4074 Deo
887 4025 1140 4080 mentem,
1166 4027 1287 4068 cum
1320 3994 1707 4080 paterentur'in
1734 4023 1896 4064 carne
1924 4006 2179 4078 quidquid

603 4109 902 4180 exquirenti
926 4103 1222 4163 crudelitati
1253 4101 1395 4156 venit
1423 4099 1473 4154 in
1501 4108 1755 4154 mentem.

674 4201 730 4258 9.
762 4199 928 4270 Maius
953 4211 1083 4253 sane
1111 4192 1378 4266 patientiae
1403 4199 1671 4247 certamen
1701 4198 1812 4257 est,
1837 4189 2048 4260 quando
2075 4204 2180 4244 non

601 4292 830 4348 visibilis
863 4288 1108 4344 inimicus
1134 4282 1504 4355 persequendo
1539 4291 1696 4352 atque
1739 4281 2008 4337 smviendo
2034 4287 2185 4351 urget

596 4386 655 4441 in
675 4381 847 4450 nefas,
879 4379 968 4452 qui
994 4377 1167 4449 palam
1195 4383 1250 4430 ct
1273 4383 1455 4446 aperte
1481 4388 1510 4428 a
1543 4387 1649 4429 non
1673 4375 2036 4428 consentiente
2066 4372 2182 4426 vin-

595 4485 756 4532 catur
781 4489 796 4540 ;
822 4469 916 4528 sed
943 4469 1056 4542 ipse
1077 4467 1340 4531 diabolus,
1366 4465 1456 4536 qui
1483 4465 1642 4520 etiam
1673 4480 1766 4535 per
1791 4463 1927 4518 ﬁlios
1957 4461 2184 4517 inﬁdeli-

610 4569 732 4624 tatis
751 4608 767 4635 ,
810 4574 1060 4634 tanquam
1089 4573 1183 4630 per
1207 4571 1302 4612 sua
1337 4571 1459 4610 vasa
1486 4596 1500 4620 ,
1545 4556 1681 4610 ﬁlios
1711 4555 1840 4608 lucis
1869 4554 2184 4622 insequitur,

613 4675 706 4730 per
729 4672 788 4712 se
808 4657 978 4726 ipsum
1004 4649 1243 4706 occultus
1269 4649 1561 4717 impugnat,
1610 4643 1875 4700 sa:vicudo
1901 4644 2104 4699 instans
2127 4650 2186 4698 ut

606 4757 790 4806 contra
821 4747 986 4801 Deum
1017 4743 1105 4796 ﬁat
1129 4739 1328 4810 aliquid
1353 4740 1435 4794 vel
1464 4737 1692 4792 dicatur.

687 4836 914 4894 CAPUT
943 4835 1123 4890 XL—
1162 4831 1417 4886 Patientia
1450 4829 1608 4882 sancti
1643 4825 1764 4889 Job.
1809 4827 1991 4883 Talem
2037 4828 2186 4884 illum

615 4930 716 4990 Job
741 4935 954 4984 sanctus
982 4933 1230 4996 expertus
1250 4932 1331 4979 est
1347 4963 1362 4988 ,
1385 4930 1606 4990 utraque
1631 4921 1918 4976 teutatione
1943 4929 2184 4988 vexatus,

615 5021 710 5078 sed
741 5023 794 5077 in
823 5029 1044 5089 utraque
1069 5016 1243 5071 stabili
1274 5013 1542 5084 patientia:
1581 5013 1772 5067 robore
1799 5023 1853 5068 et
1875 5013 2040 5068 armis
2073 5014 2187 5083 pie-

612 5116 738 5170 tatis
773 5112 1017 5168 invictus.
1059 5109 1194 5164 Nam
1227 5108 1372 5176 prius
1401 5105 1564 5160 illzcso
1600 5120 1824 5175 corpore
1849 5114 2037 5160 cuncta
2065 5121 2187 5176 qua:

613 5205 839 5263 habebat
867 5201 1066 5268 amisit,
1089 5209 1147 5256 ut
1169 5199 1376 5254 animus
1395 5206 1518 5254 ante
1543 5213 1653 5253 sua:
1672 5199 1846 5253 carnis
1869 5198 2186 5267 cruciatum,

671 5404 688 5435 ι
723 5397 968 5449 casalinus
999 5404 1105 5455 Ms,
1136 5396 1402 5446 exserme
1424 5393 1698 5445 vindictam.

675 5466 698 5496 ²
729 5460 836 5512 Sola
859 5459 1008 5510 editio
1030 5465 1164 5513 Lov.,
1187 5455 1499 5518 referebatur.

677 5527 700 5558 ³
729 5531 861 5582 l.ov.,
901 5517 1096 5583 quando
1137 5516 1444 5568 commonitus
1468 5518 1544 5567 de.
1583 5523 1678 5578 Ern,
1703 5516 1895 5580 quando
1911 5525 2186 5570 commotas.

612 5587 917 5648 t'astigantur
942 5595 1004 5648 ex
1033 5590 1134 5633 MS.

676 5648 702 5680 δ
733 5638 956 5696 Eallicani
991 5651 1184 5708 septem
1206 5648 1295 5690 Mss
1326 5677 1341 5701 ,
1385 5638 1643 5693 diabolum.
1663 5641 1868 5691 \‘aticani
1905 5648 2037 5703 tres,
2087 5641 2192 5694 dia-

613 5708 974 5820 bogustfasahnus
999 5777 1098 5830 315.,
1122 5765 1299 5832 pietate
1330 5764 1487 5818 immo!
1504 5763 1629 5816 item.

1709 324 1794 382 DE
1835 320 2223 389 PATIEN’I‘IA,
2264 319 2322 375 S.
2363 317 2730 378 AUGUSTINI
3676 327 3751 391 Olb

2276 443 2562 498 subtractis
2594 445 2755 500 rebus
2773 459 2906 515 quas
2930 444 3105 514 magni
3135 443 3362 514 pendere
3384 443 3596 503 homines
3613 452 3752 519 solem,

2271 533 2605 605 frangeretur
2628 577 2642 604 ,
2687 546 2741 592 et
2783 537 3042 592 adversus
3081 537 3245 592 Deum
3291 537 3565 607 loqueretur
3594 541 3749 613 aliquid,

2271 626 2356 682 his
2403 628 2613 683 amissis
2665 637 2881 699 propter
2943 645 3063 699 qua:
3127 629 3270 683 illum
3315 630 3481 685 colere
3529 635 3753 702 putabatur.

2272 717 2564 772 Percussus
2592 729 2672 774 est
2701 722 2860 774 etiam
2886 719 3124 774 omnium
3145 720 3314 776 subita
3344 721 3551 778 orbitate
3573 724 3752 792 ﬁliorum.

2273 817 2331 863 ut
2357 823 2490 877 quos
2531 809 2836 878 singillatim
2867 819 3210 880 susceperat,
3254 811 3407 865 simul
3435 814 3660 881 perderet,
3680 826 3756 872 tan-

2271 915 2429 970 quam
2451 915 2635 955 eorum
2664 901 3020 956 numerositas
3039 941 3055 968 ,
3084 916 3190 955 non
3218 901 3358 956 unde
3381 901 3581 958 felicitas
3602 919 3759 963 ornare.

2273 997 2360 1044 tur
2402 990 2704 1057 exstiterit,
2748 989 2844 1045 sed
2890 990 3030 1046 unde
3071 990 3349 1046 calamitas
3395 1002 3656 1061 augeretur.
3693 995 3758 1052 Ubi

2271 1090 2448 1135 autem
2485 1081 2582 1135 ista
2627 1095 2912 1151 perpessus
2951 1081 3003 1136 in
3037 1081 3147 1136 Deo
3174 1096 3274 1160 suo
3315 1085 3501 1138 masit
3531 1084 3756 1152 immbilis,

2271 1170 2388 1240 ejus
2412 1171 2606 1225 afﬁxus
2631 1180 2713 1226 est
2739 1172 2996 1227 voluntati
3021 1213 3038 1236 ,
3071 1187 3232 1242 quem
3272 1188 3377 1228 non
3406 1184 3569 1244 posset
3589 1177 3760 1234 amittere
3835 1191 3837 1196 ·

2273 1262 2374 1317 nisi
2407 1262 2620 1332 propria
2661 1263 2967 1329 voluntate;
3015 1272 3070 1318 et
3105 1277 3202 1334 pro
3243 1264 3310 1318 iis
3336 1279 3452 1334 qua:
3476 1265 3760 1334 perdiditctm

2273 1354 2361 1424 qui
2390 1353 2608 1410 abstulit
2635 1355 2830 1418 tenuit,
2876 1355 2927 1409 in
2965 1370 3075 1425 quo
3120 1356 3384 1411 inveniret
3418 1358 3547 1427 quod
3570 1376 3761 1430 nunquam

2275 1445 2490 1514 periret.
2532 1444 2712 1515 Neque
2750 1447 2893 1500 enim
2936 1445 3024 1501 illc
3063 1446 3356 1501 abstulerat
3379 1448 3466 1516 qui
3493 1451 3678 1504 nocendi
3701 1452 3763 1506 ln-

2259 1535 2388 1602 buit
2413 1536 2738 1590 voluntatem
2760 1575 2776 1602 ,
2805 1535 2899 1590 sed
2927 1536 3015 1592 ille
3040 1537 3132 1606 qui
3159 1537 3379 1594 dederat
3407 1548 3693 1608 potestatem.

2342 1627 2566 1684 CAPUT
2596 1627 2712 1682 XII.
2738 1657 2808 1669 -
2841 1627 2941 1682 Job
2969 1629 3167 1682 cautior
3193 1629 3411 1684 Adamo.
3443 1632 3693 1701 Aggressus
3711 1646 3765 1690 est

2274 1719 2520 1774 inimicus
2559 1729 2613 1775 et
2653 1734 2888 1790 corpus.
2938 1734 3037 1776 nec
3080 1735 3143 1776 ea
3185 1736 3307 1792 qua:
3351 1722 3540 1779 homini
3577 1728 3764 1782 extrinse

2273 1825 2368 1867 cus
2397 1811 2642 1876 inerant,
2695 1811 2789 1866 sed
2830 1811 3002 1881 ipsum
3029 1811 3138 1882 jam
3182 1813 3450 1869 hominem
3480 1814 3526 1868 in
3549 1830 3633 1885 qua
3653 1822 3764 1886 potuit

2275 1911 2427 1975 parte
2471 1903 2751 1972 percussit.
2797 1905 2837 1956 Λ
2865 1903 3042 1974 capite
3083 1919 3255 1974 usque
3292 1905 3357 1959 ad
3403 1906 3551 1975 pedes
3585 1909 3765 1964 ardebant

2274 1994 2487 2049 dolores
2508 2033 2522 2059 ,
2555 1993 3091 2059 scatebantvermes,
3121 1996 3302 2050 sanies
3324 1994 3575 2050 defluebat
3605 2015 3616 2051 :
3642 2015 3764 2052 mane-

2275 2085 2364 2138 bat
2391 2085 2440 2138 in
2475 2085 2610 2153 putri
2653 2097 2876 2152 corpore
2913 2083 3121 2138 animus
3166 2084 3410 2155 integer,
3459 2085 3765 2156 horrendosque

2273 2177 2540 2232 cruciatus
2590 2176 2766 2231 carnis
2808 2175 3240 2231 contabescentis
3286 2176 3522 2231 inviolata
3559 2178 3706 2246 pietate
3733 2191 3768 2232 ct

2275 2268 2578 2337 incorrupta
2601 2267 2856 2337 patientia
2882 2265 3202 2336 perferebat.
3236 2267 3604 2342 Aderat‘uxor,
3627 2284 3699 2322 nec
3717 2269 3766 2322 tc-

2280 2358 2433 2413 rebat
2457 2374 2612 2428 opem
2639 2357 2870 2429 aliquam
2896 2358 3010 2414 viro
3029 2399 3044 2422 ,
3077 2357 3169 2412 sed
3198 2359 3253 2413 in
3286 2359 3451 2414 Deum
3481 2358 3766 2428 blasphemiam

2274 2450 2609 2520 suggerebat.
2633 2447 2748 2502 Non
2779 2450 2921 2504 enim
2945 2463 3063 2504 eam
3090 2449 3358 2516 diabolus,
3388 2465 3502 2504 cum
3530 2451 3662 2505 etiam
3680 2451 3768 2503 filios
3815 2483 3824 2500 ι

2273 2543 2622 2610 abstulisset,
2675 2551 2925 2612 tanquam
2975 2542 3201 2598 nocendi
3234 2543 3508 2614 imperitus
3532 2545 3764 2614 reliquerat;

2276 2651 2395 2706 qua:
2422 2643 2682 2705 quantum
2712 2643 2858 2690 esset
2888 2635 3189 2691 necessaria
3222 2639 3473 2691 tentatori
3491 2680 3506 2703 ,
3528 2637 3621 2708 jam
3643 2637 3681 2690 in
3702 2637 3765 2690 Eu

2275 2728 2532 2782 didicerat
2559 2724 2711 2797 (Gen.
2743 2742 2836 2792 ιιι,
2872 2727 3001 2798 1-6).
3057 2727 3166 2783 Sed
3209 2728 3375 2783 modo
3409 2729 3609 2784 alterum
3641 2727 3764 2786 Adnn.

2275 2834 2432 2890 quem
2459 2835 2553 2889 per
2577 2817 2853 2873 mulierem
2880 2826 3127 2889 caperet,
3163 2835 3273 2874 non
3317 2820 3590 2876 invenerat.
3624 2819 3766 2874 Cantia
3836 2827 3837 2831 ‘

2276 2909 2377 2966 fuit
2420 2911 2521 2964 istc
2570 2911 2620 2964 in
2650 2909 2927 2966 doloribus
2949 2951 2966 2978 ,
3013 2926 3174 2980 quam
3204 2911 3298 2967 ille
3327 2912 3380 2966 in
3407 2911 3767 2968 nemoribus:il|e
3819 2949 3837 2966 η

2280 3002 2452 3056 victus
2475 3009 2559 3055 est
2589 3000 2640 3054 in
2681 2999 2915 3064 deliciis,
2963 3000 3068 3056 iste
3111 3001 3239 3055 vicit
3277 3002 3330 3056 in
3360 3001 3550 3072 pcenis;
3581 2999 3767 3057 consensit
3836 3029 3837 3059 ξ

2278 3095 2364 3150 ille
2389 3093 2817 3159 oblectamentis,
2854 3108 2958 3147 non
2987 3093 3148 3148 cessit
3174 3094 3280 3149 iste
3305 3095 3584 3151 tumentis.
3609 3091 3768 3148 Aderant

2278 3194 2332 3242 el
2351 3185 2529 3252 amici,
2557 3199 2661 3239 non
2688 3184 2812 3238 utin
2833 3185 2987 3239 malis
3011 3183 3443 3251 consolarentur,
3466 3186 3551 3242 sed
3573 3195 3619 3240 ut
3636 3184 3765 3238 ntalem

2280 3277 2699 3349 suspicarentur.
2731 3275 2912 3346 Neque
2936 3277 3078 3330 enim
3103 3291 3226 3332 eum
3252 3283 3342 3349 qui
3373 3289 3510 3334 tanta
3537 3277 3768 3348 patiebatur.

2280 3367 2618 3422 innocentem
2650 3382 2770 3421 esse
2797 3367 3086 3423 credebant
3107 3409 3122 3434 ,
3167 3383 3272 3424 nec
3315 3369 3684 3425 tacebateorum
3705 3365 3769 3418 Iin-

2279 3475 2378 3530 gua
2421 3459 2562 3530 quod
2611 3459 2753 3513 illius
2791 3457 3118 3514 conscientia
3162 3474 3272 3514 non
3322 3461 3566 3523 habebat;
3608 3467 3652 3512 ut
3683 3458 3770 3510 inter

2284 3553 2546 3607 immanes
2571 3551 2839 3606 cruciatus
2861 3551 3103 3620 corporis
3126 3593 3142 3618 ,
3173 3553 3339 3608 etiam
3361 3553 3498 3607 falsis
3521 3552 3686 3606 animus
3706 3564 3771 3602 cx-
3817 3551 3824 3620 ᾗ

2281 3642 2497 3696 deretur
2522 3640 2844 3712 opprobriis.
2872 3643 2941 3694 At
2965 3641 3054 3696 ille
3082 3643 3355 3698 sustinens
3381 3644 3594 3697 incarne
3622 3641 3771 3694 dolores
3819 3640 3828 3710 ι

2282 3748 2407 3788 suos
2431 3775 2446 3800 ,
2495 3735 2546 3788 in
2575 3734 2738 3788 corde
2781 3748 2998 3788 errores
3040 3733 3250 3789 alienos
3275 3777 3287 3798 ,
3329 3734 3556 3805 conjugis
3587 3730 3770 3798 corripie-
3825 3745 3830 3762 τ

2283 3830 2374 3884 bat
2400 3828 2757 3898 insipientiam
2777 3868 2792 3894 ,
2822 3813 3024 3882 arnicos
3051 3826 3280 3883 docebat
3309 3828 3598 3898 sapientiam
3615 3867 3627 3889 ,
3651 3836 3769 3877 serv-I-

2283 3918 2371 3973 bat
2407 3917 2598 3987 ubique
2620 3917 2944 3985 patientiam.

2353 4010 2578 4066 CAPUT
2607 4008 2747 4065 XIII.
2778 4039 2849 4050 —
2895 4009 2980 4066 10.
3013 4009 3339 4080 Impatientia
3366 4010 3694 4064 Donatistarum
3710 4000 3766 4052 tibi
3833 4035 3835 4060 .

2283 4119 2463 4156 manus
2508 4100 2824 4168 aﬁ'erentium
2849 4141 2865 4166 ,
2917 4102 3121 4170 quando
3156 4119 3189 4156 ιι
3227 4103 3493 4158 Catholicis
3536 4103 3764 4171 quantum
3833 4125 3835 4154 ι

2287 4193 2436 4248 Ilunc
2463 4192 2768 4246 intueantur
2788 4233 2802 4257 ,
2843 4193 2931 4261 qui
2959 4192 3057 4246 sibi
3089 4193 3336 4262 ingerunt
3365 4202 3572 4246 mortem
3591 4230 3604 4251 ,
3625 4181 3766 4255 quando
3833 4213 3835 4258 ξ

2286 4292 2597 4355 qumruntur
2620 4283 2684 4338 ad
2719 4284 2915 4347 vitam;
2963 4292 3019 4338 et
3059 4283 3160 4338 sibi
3199 4283 3482 4340 auferendo
3517 4286 3765 4351 pet-scillam

2286 4375 2549 4446 abnegant
2579 4384 2634 4431 et
2663 4374 2909 4428 futuram.
2949 4373 3050 4443 Qui
3079 4374 3125 4428 si
3151 4376 3218 4429 ad
3247 4374 3506 4430 Christum
3532 4367 3764 4440 negandum.

2287 4469 2370 4524 vel
2397 4469 2591 4539 aliquid
2612 4477 2795 4523 contra
2811 4467 3069 4536 justitiam
3094 4467 3413 4532 faciendum,
3435 4466 3558 4522 sicut
3576 4461 3662 4516 veri
3685 4469 3766 4510 nur-

2291 4567 2451 4631 tyrcs,
2475 4567 2810 4628 cogerentur,
2833 4558 3010 4612 omnia
3034 4558 3207 4627 potius
3235 4557 3486 4626 patienter
3509 4555 3642 4613 ferre,
3664 4560 3766 4618 qua!“

2291 4651 2390 4705 sibi
2436 4649 2775 4718 impatienter
2802 4659 3030 4704 mortem
3063 4647 3261 4703 inferre
3289 4648 3581 4703 debuerant.
3611 4637 3722 4708 Quod
3741 4636 3766 4682 δέ

2292 4739 2657 4811 fugiendorum
2701 4740 2957 4794 malorum
2998 4754 3160 4794 causa
3202 4748 3344 4795 recte
3371 4738 3476 4793 ﬁeri
3511 4725 3767 4806 posset,lolt

2290 4839 2504 4886 sanctus
2546 4845 2605 4884 se
2639 4830 2750 4900 ipse
2783 4829 3106 4900 perimeret,
3157 4837 3216 4884 ut
3247 4838 3385 4883 tanta
3428 4827 3550 4881 mala
3585 4824 3626 4875 in
3662 4816 3765 4870 rcth
3831 4815 3833 4858 i

2290 4921 2421 4986 suis,
2446 4921 2496 4974 in
2522 4920 2641 4974 ﬁliis
2669 4921 2811 4984 suis,
2849 4919 2902 4972 in
2928 4920 3184 4975 membris
3212 4921 3342 4986 suis,
3382 4917 3624 4974 diabolica:
3644 4904 3765 4962 eritth

2291 5014 2452 5068 litatis
2476 5011 2752 5083 effugeret.
2782 5010 2896 5065 Non
2926 5020 3102 5068 autem
3132 5013 3271 5068 fecit.
3300 5012 3446 5067 Absit
3475 5008 3595 5062 enim
3617 5011 3658 5056 ut
3677 5000 3714 5051 in
3728 5007 3763 5045 δε

2290 5104 2646 5159 committeret
2683 5103 2797 5174 ipse
2834 5102 2914 5157 vir
2940 5103 3185 5173 sapiens,
3225 5103 3363 5174 quod
3402 5116 3492 5157 nec
3515 5095 3668 5153 mulier
3682 5100 3763 5150 sui?

2291 5194 2454 5264 gessit
2479 5193 2760 5264 insipiens.
2798 5191 2931 5260 Quia
2959 5205 3012 5248 et
3033 5195 3078 5250 si
3107 5194 3463 5266 suggessisset,
3485 5187 3639 5243 merito
3653 5187 3690 5234 et
3709 5175 3762 5227 hic

2293 5285 2422 5343 illud
2444 5285 2696 5354 audisset,
2721 5287 2861 5357 quod
2880 5287 3080 5342 audivit
3098 5284 3420 5357 suggerendo
3441 5270 3760 5364 blasphemiae}:

2294 5378 2488 5434 Locuta
2522 5394 2573 5432 es
2597 5355 2834 5446 tanquam
2866 5395 2968 5432 una
3001 5395 3062 5433 ea:
3087 5355 3422 5448 insipientibus
3447 5365 3690 5426 ιιιιιιὶενίὺηει

2298 5471 2426 5526 bona
2451 5470 2758 5537 “‘“ePimus
2787 5468 2851 5523 de
2876 5485 3026 5523 manu
3059 5469 3280 5534 Domini,
3321 5468 3447 5521 mala
3473 5479 3556 5517 non
3571 5447 3757 5546 sustinebi-

2297 5577 2406 5615 mus
2452 5557 2595 5633 (Job.
2625 5575 2676 5624 ι,
2706 5575 2779 5625 ιι,
2810 5559 2966 5629 etc.)i
3019 5560 3081 5614 Et
3127 5560 3237 5629 ipse
3267 5561 3283 5590 ί
3313 5557 3490 5628 quippe
3533 5546 3754 5619 patit'nllﬂl"

2297 5652 2649 5724 perdidisset,
2680 5651 2791 5706 sive
2821 5652 3236 5723 blasphemando
3257 5693 3272 5720 ,
3315 5651 3440 5707 sicut
3474 5645 3547 5699 illa
3571 5634 3750 5693 voluerat.

2365 5765 2382 5796 ⁸
2419 5770 2596 5813 Novem
2615 5768 2746 5826 Mss,
2771 5769 2823 5813 Et
2856 5762 3021 5826 ipsam.

3829 4627 3833 4788 Ψ
