3860 6284
78 335 159 400 tu
523 312 544 366 Γ
1141 319 1172 334 ”
1445 329 1646 388 LlBEft
1684 333 1881 393 unus.

75 455 161 510 sive
180 463 229 508 se
244 445 599 510 interﬁciendo,
619 444 763 516 quod
788 455 886 500 nec
906 443 993 500 illa
1019 457 1148 500 ausa
1168 443 1345 501 fuerat
1381 445 1583 512 dicere,

75 551 311 602 moreretur
338 557 350 594 :
375 548 530 609 atque
565 544 708 593 esset
744 536 882 592 inter
908 537 1026 591 illos
1054 536 1120 592 de
1161 535 1353 606 quibus
1381 537 1583 594 dictum

74 647 158 704 est,
195 633 269 688 Vw
297 633 354 686 iis
374 631 455 702 qui
482 629 806 701 perdiderunt
830 629 1122 699 patientiam
1155 629 1342 700 (Eccli.
1370 646 1429 696 ιι,
1455 632 1541 703 16)
1567 633 1581 686 ε

71 738 112 782 et
133 731 310 796 angeret
333 721 500 792 potius
525 735 682 791 quam
709 719 961 776 evaderet
987 735 1176 790 pinnas
1196 762 1210 787 ,
1238 720 1327 791 qui
1353 729 1474 791 post
1501 723 1584 779 sui

73 818 257 889 corporis
282 822 517 881 mortem,
548 814 660 868 sive
682 813 750 869 ad
772 813 1231 884 blasphemorum,
1253 815 1367 871 sive
1395 815 1462 871 ad
1489 815 1587 871 ho-

73 910 316 970 micidarum
335 947 350 974 ,
387 905 472 962 vel
502 906 661 962 etiam
693 905 812 977 plus
835 920 995 976 quam
1035 906 1419 976 parricidarum
1454 923 1584 977 sup-

73 1004 182 1075 plicia
205 1008 475 1070 raperetur.
521 997 580 1053 Si
605 998 747 1054 enim
775 996 1037 1068 parricida
1069 1012 1136 1053 eo
1164 998 1475 1054 sceleratior
1499 1009 1586 1055 est

71 1111 186 1168 quam
209 1092 406 1166 quilibet
429 1091 728 1159 homicida,
769 1092 890 1162 quia
927 1106 1035 1146 non
1058 1099 1260 1147 tantum
1289 1091 1581 1160 hominem,

72 1202 205 1244 verum
221 1186 361 1242 etiam
383 1185 739 1256 propinquum
767 1193 959 1250 necat;
1002 1185 1165 1255 inque
1203 1185 1334 1254 ipsis
1364 1186 1584 1255 parrici-

73 1281 140 1343 dis,
166 1287 333 1350 quanto
358 1277 788 1348 propinquiorem
827 1276 1050 1347 quisque
1090 1277 1403 1347 peremerit,
1437 1285 1584 1333 tanto

72 1373 268 1443 jndicatur
296 1369 576 1424 immanior
601 1384 616 1422 :
648 1369 762 1423 sine
797 1367 958 1423 dubio
987 1368 1141 1439 pejor
1177 1377 1260 1424 est
1288 1370 1378 1438 qui
1407 1384 1466 1424 se
1493 1383 1585 1426 oc-

77 1461 186 1524 cidit;
230 1458 340 1529 quia
383 1472 544 1513 nemo
585 1464 670 1512 est
700 1456 905 1511 homini
943 1471 1003 1513 se
1047 1456 1164 1528 ipso
1214 1458 1580 1529 propinquior.

81 1551 165 1619 Quid
179 1565 285 1620 ergo
309 1549 485 1604 miseri
508 1546 744 1613 faciunt,
775 1547 864 1617 qui
889 1561 1010 1602 cum
1041 1555 1097 1602 et
1136 1546 1223 1602 hic
1250 1548 1464 1604 sibimet
1490 1549 1578 1603 in-

76 1654 220 1716 gestas,
265 1649 315 1696 et
357 1649 544 1711 postea
602 1653 710 1694 non
761 1638 936 1693 solum
982 1637 1270 1707 impietatis
1323 1637 1582 1694 adversus

74 1737 204 1799 Deum,
228 1732 312 1788 sed
339 1732 498 1788 etiam
531 1730 702 1801 ipsius
730 1743 888 1799 quam
916 1727 970 1782 in
997 1743 1056 1784 se
1085 1738 1438 1784 exercuerunt
1461 1744 1584 1785 cru-

70 1823 238 1880 delitatis
279 1823 420 1877 luant
461 1821 673 1878 debitas
709 1834 934 1891 poenas,
984 1817 1202 1889 insuper
1243 1828 1486 1890 quarunt
1527 1828 1584 1876 et

67 1927 285 1988 martyrum
310 1915 504 1986 glorias
523 1915 550 1966 ’ἐ
578 1929 698 1968 cum
722 1911 930 1968 etiamsi
952 1926 1048 1982 pro
1076 1925 1206 1967 vero
1219 1910 1416 1967 Christi
1443 1912 1583 1968 testi-

67 2007 194 2062 monio
218 2005 638 2076 persecutionem
669 2011 976 2073 paterentur
993 2042 1010 2069 ,
1036 2009 1092 2056 et
1115 2016 1174 2058 se
1200 2001 1577 2072 interficerent,

66 2115 110 2154 ne
142 2096 305 2168 aliquid
343 2112 372 2151 a
399 2095 835 2167 persecutoribus
887 2102 1197 2164 paterentur
1226 2135 1242 2163 ,
1285 2102 1430 2150 recte
1475 2094 1580 2149 illis

64 2192 286 2256 diceretur,
340 2189 425 2245 Vc
445 2190 508 2245 iis
548 2189 636 2260 qui
682 2187 1008 2259 perdiderunt
1048 2187 1382 2259 patientiam!
1429 2186 1579 2256 Quo-

65 2282 177 2337 modo
207 2282 330 2337 enim
364 2281 577 2351 justum
621 2280 637 2310 ί
678 2279 956 2349 praemium
1002 2277 1271 2348 patientiae
1315 2277 1575 2345 redditur,

63 2376 92 2430 si
113 2384 151 2429 ct
176 2374 430 2444 impatiens
459 2371 644 2443 passio
685 2368 1009 2425 coronatur?
1050 2369 1157 2424 Aut
1195 2368 1463 2439 quomodo
1493 2368 1577 2423 in-

64 2464 528 2537 nocensjudicabitur
553 2504 568 2529 ,
597 2461 682 2518 cui
704 2462 905 2517 dictum
931 2471 1036 2528 est,
1072 2460 1263 2532 Diliges
1292 2462 1578 2531 proximum

66 2570 164 2613 tuum
183 2561 295 2615 sicut
317 2569 362 2614 te
383 2560 561 2629 ipsum
595 2556 810 2630 (Matth.
836 2571 952 2622 XIX,
983 2554 1071 2625 I9)
1097 2594 1114 2621 ,
1161 2553 1207 2609 si
1232 2553 1576 2609 homicidium

64 2651 277 2707 committit
311 2650 362 2706 in
402 2665 464 2706 se
503 2650 665 2720 ipso,
707 2645 850 2719 quod
887 2645 1221 2702 committere
1264 2645 1578 2715 prohibetur

63 2743 95 2796 in
116 2744 349 2813 proximo?

106 2833 286 2891 CAPUT
320 2833 454 2890 XIV.
481 2862 564 2876 -——
605 2833 695 2889 11.
738 2830 998 2886 Patientia
1037 2830 1304 2885 bonorum.
1347 2830 1578 2885 Audiant

62 2940 148 2995 ergo
163 2927 304 2980 sancti
327 2925 393 2981 de
416 2924 714 2994 Scripturis
741 2924 941 2978 sanctis
969 2930 1233 2992 praecepta
1256 2921 1527 2991 patientiae
1558 2937 1573 2974 :

63 3015 160 3082 Fili,
200 3019 417 3073 accedens
473 3017 551 3070 ad
595 3015 880 3070 servitutem
934 3011 1066 3080 Dei,
1125 3023 1202 3066 sta
1262 3013 1316 3066 in
1376 3011 1577 3083 justitia

63 3112 93 3154 et
113 3105 277 3170 timore,
305 3112 348 3157 et
391 3118 634 3174 praepara
673 3100 898 3154 animam
934 3108 1072 3152 tuam
1106 3098 1174 3152 ad
1213 3099 1532 3152 tentationem
1557 3111 1580 3152 :

63 3192 223 3261 deprime
246 3209 325 3249 cor
349 3203 530 3259 tuum,
555 3201 601 3246 et
623 3190 848 3254 sustine;
883 3198 939 3242 ut
979 3197 1169 3242 crescat
1200 3188 1256 3241 in
1292 3187 1576 3242 novissimis

64 3286 130 3337 rita
144 3296 229 3340 tua.
250 3285 402 3340 Omne
419 3283 563 3354 quod
583 3282 670 3336 tibi
691 3280 1031 3352 supervenerit
1049 3279 1238 3348 accipe,
1265 3279 1384 3332 etin
1405 3279 1578 3333 dolore

63 3378 226 3446 sustine,
246 3389 287 3432 et
311 3379 362 3433 in
391 3376 685 3432 hunsilitate
715 3384 803 3428 tua
829 3372 1123 3444 patientiam
1148 3370 1293 3425 habe.
1325 3370 1578 3437 Quoniam

63 3469 97 3520 in
114 3470 202 3539 igne
223 3472 451 3538 probatur
491 3483 681 3522 aurum
707 3475 752 3520 et
776 3474 1072 3534 argentum,
1104 3462 1330 3516 homines
1357 3477 1473 3516 vero
1498 3477 1581 3515 re-

64 3563 252 3630 teptibiles
269 3564 318 3617 in
337 3563 540 3617 camino
564 3557 929 3613 humiliationis
950 3554 1139 3626 (Eccli.
1164 3569 1229 3620 ιι,
1263 3554 1408 3623 1ο5).
1431 3552 1500 3608 Et
1523 3553 1576 3609 in

64 3651 144 3706 loco
164 3653 249 3708 alio
267 3654 448 3725 legitur
475 3670 490 3705 :
529 3649 635 3705 Fili
657 3691 673 3716 ,
705 3665 767 3703 ne
786 3648 993 3717 deﬁcias
1019 3646 1074 3699 in
1097 3645 1368 3716 disciplina
1394 3643 1576 3698 Domi-

68 3743 268 3817 ni.neque
294 3746 524 3820 {aligeris
549 3759 660 3797 cum
686 3743 750 3796 ab
787 3741 878 3795 illo
911 3739 1209 3810 increparis.
1251 3737 1410 3805 Quem
1444 3737 1578 3794 enim

67 3836 180 3908 diligit
201 3837 447 3904 Dominus,
473 3835 690 3904 corripit
712 3852 732 3901 ;
753 3825 980 3904 ﬂagellat
1005 3840 1172 3884 autem
1192 3846 1390 3884 onmem
1415 3829 1578 3898 ﬁlium

66 3947 165 4000 queui
177 3936 327 4006 recipit
348 3934 535 4008 (Prov.
553 3948 633 3998 ιιι,
654 3932 712 3986 11
735 3939 786 3984 et
803 3927 915 4000 12).
938 3925 1089 3993 Quod
1112 3926 1198 3980 hic
1220 3923 1450 3995 positum
1473 3930 1576 3988 est,

68 4024 181 4089 ﬁlium
198 4043 322 4097 quem
345 4026 556 4102 recipit;
575 4023 678 4078 hoc
709 4021 763 4076 in
793 4034 955 4090 supra
979 4017 1122 4072 dicto
1143 4014 1449 4070 testimonio
1470 4020 1574 4078 est,

69 4114 236 4171 homines
263 4115 586 4189 receptibiles.
623 4114 738 4169 Hoc
764 4112 908 4168 enim
933 4109 1134 4179 justum
1158 4115 1270 4172 est,
1299 4114 1360 4160 ut
1387 4103 1479 4174 qui
1507 4102 1577 4159 de

69 4206 235 4275 pristina
257 4211 496 4267 felicitate
523 4207 756 4280 paradisi
784 4212 1003 4277 propter
1042 4210 1411 4258 contumacem
1441 4197 1577 4252 deli-

69 4300 217 4356 ciarum
260 4302 611 4374 appetentiam
658 4297 865 4354 dimissi
908 4309 1095 4350 sumus
1120 4332 1136 4359 ,
1180 4307 1277 4362 per
1323 4288 1577 4344 humilem

69 4392 360 4450 molestiarum
403 4392 716 4465 patientiam
759 4387 1081 4458 recipiamur
1126 4401 1140 4438 :
1182 4382 1399 4453 fugaces
1438 4377 1579 4432 mala

69 4481 274 4553 iaciendo,
302 4486 524 4543 reduces
545 4483 683 4539 mala
707 4479 990 4553 patiendo;
1018 4475 1091 4531 ibi
1115 4483 1302 4531 contra
1318 4471 1578 4544 justitiam

69 4573 295 4646 facientes,
318 4579 400 4634 hic
428 4592 530 4650 pro
553 4574 758 4646 justitia
784 4571 1069 4643 patientes.

119 4667 301 4726 CAPUT
325 4669 438 4724 XV.
455 4699 528 4709 —
546 4668 632 4721 12.
656 4663 910 4718 Patientia
929 4677 1030 4716 non
1049 4657 1178 4714 venit
1196 4672 1262 4711 ea:
1281 4655 1424 4710 liberi
1445 4652 1584 4708 arbi-

72 4760 130 4812 trii
147 4763 428 4827 viribus,sed
450 4778 513 4816 ex
532 4761 701 4815 divino
727 4755 1003 4827 adjutorio.
1039 4750 1144 4807 Sed
1173 4763 1300 4805 vera
1329 4746 1582 4818 patientia

73 4867 156 4918 quae
177 4854 312 4924 hujus
337 4865 416 4913 est
434 4853 653 4910 nomine
678 4851 837 4920 digna
862 4845 1094 4909 virtutis,
1116 4839 1463 4914 quaerendum
1500 4846 1584 4893 est

73 4944 176 4998 unde
197 4956 429 5001 sumatur.
463 4945 598 5001 Sunt
635 4941 780 4997 enim
818 4938 908 5009 qui
947 4951 1067 4992 eam
1107 4934 1342 4989 tribuant
1380 4929 1583 4985 viribus

73 5034 300 5092 voluntatis
320 5038 581 5103 humanae,
609 5049 717 5089 non
743 5046 873 5102 quas
901 5029 1100 5083 habent
1125 5039 1189 5080 ex
1210 5024 1392 5080 divino
1425 5021 1582 5089 adju-

75 5127 200 5189 torio,
223 5128 306 5183 sed
341 5144 468 5198 quas
501 5143 563 5182 ex
600 5125 770 5180 libero
807 5119 1049 5177 arbitrio.
1080 5117 1243 5172 Error
1271 5124 1451 5169 autem
1481 5113 1585 5167 iste

75 5219 284 5284 superbus
306 5230 381 5276 est
409 5239 422 5274 :
452 5235 633 5276 eorum
659 5224 743 5273 est
767 5215 909 5271 enim
939 5211 1032 5283 qui
1057 5208 1348 5274 abundant,
1372 5207 1439 5262 de
1467 5205 1583 5276 qui-

76 5305 151 5364 bus
169 5310 334 5366 dicitur
356 5313 407 5367 in
428 5311 632 5368 Psalmo
665 5328 679 5363 :
712 5305 1055 5379 Opprobrium
1079 5303 1149 5357 eis
1176 5301 1263 5372 qui
1286 5298 1543 5353 abundant
1567 5338 1584 5364 ,

79 5409 112 5451 et
133 5402 345 5472 despectio
363 5404 578 5474 superbis
601 5401 771 5475 (Psal.
794 5414 958 5464 cxx",
981 5396 1059 5466 4).
1087 5393 1202 5449 Non
1224 5406 1353 5462 ergo
1377 5399 1461 5446 est
1484 5391 1586 5445 ista

84 5494 274 5556 Patientia
300 5512 562 5566 pauperum
580 5536 596 5561 ,
627 5508 745 5565 quae
783 5509 884 5546 non
916 5490 1041 5557 perit
1064 5488 1118 5542 in
1143 5494 1385 5540 aeternum
1416 5482 1587 5556 (Psal.

85 5595 146 5648 Ix,
171 5584 262 5655 l9).
290 5587 347 5642 lli
386 5588 521 5643 enim
555 5598 814 5658 pauperes
857 5582 925 5636 ab
962 5579 1056 5635 illo
1090 5592 1207 5633 eam
1246 5575 1408 5630 divite
1450 5572 1590 5628 acci«

89 5674 218 5741 Pium,
242 5678 316 5732 cui
335 5677 515 5733 dicitur
531 5720 548 5747 ,
578 5678 713 5733 Deus
741 5690 880 5729 meus
899 5690 950 5728 es
972 5681 1024 5726 tu
1042 5712 1057 5737 ,
1084 5668 1320 5741 quoniam
1349 5666 1592 5721 bonorum

137 5787 151 5817 ¹
179 5794 232 5839 lla
255 5798 350 5840 Mss.
372 5799 423 5842 At
442 5792 570 5852 editi,
590 5793 740 5853 justo.

251 5871 457 5942 Sacr.
491 5879 765 5935 Ausus'r.
801 5870 907 5933 VI.

3174 359 3276 416 618

1700 465 1921 505 meorum
1942 469 2041 508 non
2068 471 2178 526 eges
2201 457 2371 530 (Psal.
2398 476 2484 529 xv,
2507 465 2595 534 2);
2617 477 2646 519 a
2675 480 2781 536 quo
2806 475 2888 523 est
2907 481 3067 528 omne
3084 471 3266 530 datum

1694 541 1983 637 optimum,
2013 554 2068 600 et
2090 560 2250 604 omne
2277 550 2475 607 donum
2510 554 2802 624 perfectum
2831 558 3036 628 (Jacobi
3054 579 3102 628 ι,
3137 566 3267 637 17);

1693 631 1760 687 ad
1781 649 1937 704 quem
1960 637 2154 693 clamat
2186 655 2384 710 egenus
2411 653 2465 698 et
2491 660 2712 716 pauper,
2747 650 2837 718 qui
2864 651 3044 708 laudat
3075 631 3271 712 nomen

1693 721 1810 793 ejus
1831 764 1847 791 ,
1875 734 1930 781 et
1956 728 2188 796 petendo
2209 770 2224 797 ,
2251 733 2540 802 quaerendo
2561 776 2576 803 ,
2611 737 2896 807 pulsando,
2928 741 3058 797 dicit
3089 759 3102 797 :
3133 744 3274 802 Deus

1690 829 1832 869 meus
1851 855 1866 880 ,
1891 817 2028 886 eripe
2054 834 2133 872 me
2158 820 2222 875 de
2244 838 2399 877 manu
2433 828 2713 894 peccatoris
2732 869 2748 896 ,
2776 839 2823 883 et
2851 831 2914 885 de
2931 848 3083 888 manu
3113 836 3274 906 legem

1693 909 2040 975 pratereuntis
2068 920 2116 964 et
2155 913 2314 985 iniqui
2345 933 2366 971 :
2389 919 2629 986 quoniam
2665 928 2719 974 tu
2751 938 2802 976 es
2843 926 3086 994 patientia
3125 945 3273 997 mea,

1690 993 1927 1090 Domine,
1956 999 2077 1070 spe!
2093 1017 2205 1056 mea
2230 1019 2262 1058 a
2284 1005 2541 1074 iuventute
2566 1025 2678 1064 mea
2708 993 2878 1082 (Psal.
2903 1030 3030 1082 ιιι,
3061 1018 3097 1072 4
3121 1028 3168 1072 et
3188 993 3269 1090 5).

1690 1083 1782 1141 Isti
1810 1097 1989 1144 autem
2015 1091 2106 1161 qui
2136 1093 2429 1164 abundant,
2452 1107 2506 1152 et
2525 1113 2684 1169 egere
2703 1101 2768 1156 ad
2791 1102 2955 1158 Deum
2979 1083 3274 1178 dedignan-

1691 1185 1805 1244 tur,
1835 1194 1904 1235 ne
1931 1180 1999 1235 ab
2025 1180 2118 1236 illo
2156 1184 2418 1255 accipiant
2453 1201 2637 1243 veram
2682 1192 3024 1262 patientiam,
3068 1197 3136 1252 de
3171 1213 3270 1254 sua

1689 1267 1822 1323 falsa
1841 1270 2162 1340 gloriantes,
2190 1275 2472 1331 consilium
2496 1278 2670 1348 inopis
2707 1281 2892 1337 volunt
2915 1284 3272 1358 confundere,

1687 1362 1938 1430 quoniam
1972 1363 2233 1421 Dominus
2271 1380 2395 1438 spes
2423 1367 2540 1437 ejus
2569 1379 2652 1425 est
2681 1370 2852 1441 (Psal.
2886 1390 2976 1429 xm
2995 1416 3012 1443 ,
3051 1376 3131 1447 6).
3159 1378 3270 1435 Nec

1687 1453 1969 1509 attendunt
1986 1470 2110 1511 cum
2131 1456 2376 1514 homines
2409 1467 2567 1527 sunt,
2590 1469 2645 1517 et
2667 1477 2796 1531 suae,
2820 1464 2872 1519 id
2892 1475 2994 1533 est,
3019 1467 3268 1526 humanae

1687 1547 1948 1602 voluntati
1975 1557 2177 1604 tantum
2205 1550 2465 1620 tribuunt,
2499 1553 2550 1608 in
2574 1553 2704 1609 illud
2730 1570 2788 1610 se
2813 1556 3087 1615 incurrere
3122 1561 3268 1631 quod

1687 1637 1942 1706 scriptum
1967 1647 2053 1694 est
2081 1657 2095 1693 :
2124 1639 2434 1697 Maledictus
2459 1644 2620 1698 omnis
2649 1646 2737 1715 qui
2773 1663 2915 1716 spem
2942 1665 3089 1703 suam
3127 1653 3271 1721 ponit

1686 1727 1740 1782 in
1763 1729 1964 1784 homine
1985 1729 2198 1802 (Jerem.
2221 1747 2357 1801 xvn,
2389 1732 2469 1805 5).
2493 1734 2643 1791 Unde
2663 1737 2870 1793 etiamsi
2897 1740 2974 1794 eis
2994 1743 3270 1814 contingat

1685 1826 1745 1874 ut
1771 1818 1948 1890 aliqua
1979 1819 2110 1875 dura
2139 1829 2195 1876 et
2216 1836 2435 1892 aspera,
2461 1826 2545 1880 vel
2585 1840 2655 1880 ne
2691 1826 3009 1895 displiceant
3035 1830 3270 1887 homini-

1683 1909 1814 1978 bus,
1845 1912 1928 1967 vel
1955 1926 2025 1967 ne
2049 1913 2292 1982 graviora
2324 1915 2622 1984 patiantur,
2649 1918 2733 1971 vel
2772 1919 2873 1974 sibi
2912 1921 3172 1989 placenda
3211 1933 3270 1980 et

1684 2002 1912 2058 amando
1931 2005 2397 2075 praesumptionem
2422 2021 2574 2062 suam
2592 2049 2608 2074 ,
2631 2009 2816 2064 eadem
2846 2009 2960 2079 ipsa
2988 2015 3269 2083 superbis-

1684 2093 1820 2149 sima
1856 2096 2127 2151 voluntate
2166 2098 2494 2165 sustineant;
2524 2098 2626 2154 hoc
2654 2101 2760 2156 illis
2783 2101 3064 2159 dicendum
3093 2115 3177 2160 est
3200 2105 3272 2162 de

1684 2184 1961 2254 patientia,
1991 2187 2131 2257 quod
2151 2187 2221 2244 de
2246 2190 2506 2259 sapientia
2526 2191 2713 2246 beatus
2738 2192 2965 2250 Jacobus
2993 2197 3267 2266 apostolus

1683 2275 1813 2331 dicit
1838 2294 1852 2330 :
1883 2277 2005 2332 Non
2030 2288 2104 2332 est
2127 2279 2225 2333 ista
2246 2281 2496 2349 sapientia
2523 2282 2786 2336 desursum
2815 2284 3152 2353 descendens;
3179 2290 3271 2343 sed

1686 2376 1899 2435 terrena,
1930 2371 2167 2424 animalis
2189 2412 2204 2437 ,
2245 2372 2494 2426 diabolica
2515 2372 2719 2442 (Jacobi
2742 2390 2818 2442 ιιι,
2854 2375 2964 2446 15).
2993 2375 3100 2432 Cur
3123 2379 3268 2434 enim

1683 2472 1791 2514 non
1819 2459 1889 2514 sit
1913 2460 2262 2529 superborum
2292 2460 2421 2516 falsa
2443 2462 2719 2532 patientia,
2751 2464 2884 2518 sicut
2910 2467 3268 2535 superborum

1683 2557 1768 2605 est
1795 2549 1924 2604 falsa
1953 2551 2210 2621 sapientia
2234 2551 2354 2624 (a)?
2378 2554 2421 2607 A
2450 2567 2557 2623 quo
2584 2563 2667 2608 est
2690 2563 2867 2609 autem
2898 2573 3020 2612 vera
3049 2559 3268 2629 sapien-

1683 2642 1778 2708 tia,
1803 2641 1873 2696 ab
1898 2642 1990 2697 illo
2017 2651 2176 2698 estet
2203 2658 2327 2698 vera
2351 2645 2623 2713 patientia.
2653 2645 2787 2700 Huic
2810 2647 2950 2700 enim
2974 2657 3153 2703 cantat
3174 2650 3266 2705 ille

1682 2732 1874 2802 spiritu
1901 2748 2101 2803 pauper
2133 2751 2146 2786 :
2178 2732 2288 2786 Deo
2317 2735 2542 2805 subjecta
2567 2745 2638 2788 est
2663 2736 2833 2788 animo
2858 2753 3001 2804 mea,
3025 2741 3265 2808 quoniam

1682 2823 1745 2878 ab
1763 2825 1873 2894 ipso
1903 2833 1976 2878 est
2005 2825 2250 2892 patientia
2274 2840 2384 2878 mea
2411 2823 2577 2895 (Psal.
2608 2841 2694 2879 th
2713 2868 2728 2893 ,
2760 2823 2837 2897 6).

1751 2914 1978 2971 CAPUT
1999 2915 2138 2971 XVI.
2157 2917 2327 2970 -15.
2345 2915 2573 2986 Objectio
2591 2932 2610 2971 :
2625 2934 2715 2970 cur
2735 2919 3006 2974 voiuntatis
3021 2921 3148 2975 vires
3163 2938 3266 2977 non

1681 3005 1931 3075 sufﬁciunt
1958 3005 2026 3057 ad
2056 3005 2349 3074 patiendum
2375 3022 2466 3074 pro
2482 3007 2708 3076 justitia,
2731 3009 2859 3062 sicut
2881 3026 2972 3079 pro
2993 3012 3265 3082 injustitia.

1682 3096 1787 3153 Sed
1817 3097 2142 3168 respondent
2186 3106 2241 3152 et
2269 3098 2558 3168 loquuntur
2598 3099 2836 3154 dicentes
2870 3118 2882 3153 :
2922 3099 2980 3156 Si
3016 3103 3266 3159 voluntas

1683 3186 1918 3242 hominis
1944 3189 2060 3243 sine
2088 3187 2200 3242 ullo
2225 3189 2321 3243 Dei
2348 3187 2615 3257 adjutorio
2642 3190 2846 3244 viribus
2875 3191 3027 3246 liberi
3054 3193 3262 3248 arbitrii

1684 3286 1794 3333 tam
1824 3278 1989 3332 multa
2017 3279 2199 3347 gravia
2225 3286 2280 3333 et
2307 3278 2574 3332 horrenda
2601 3278 2820 3348 perfert,
2847 3281 2960 3335 sive
2981 3281 3034 3335 in
3055 3283 3260 3350 animo,

1683 3369 1796 3425 sive
1824 3370 1876 3424 in
1901 3384 2145 3439 corpore,
2173 3378 2230 3424 ut
2252 3370 2490 3425 mortalis
2518 3372 2640 3425 vitae
2661 3372 2818 3441 hujus
2846 3382 2901 3427 et
2928 3384 3265 3443 peccatorum

1684 3461 2038 3518 delectatione
2065 3462 2402 3532 perfruatur;
2432 3477 2528 3517 cur
2553 3477 2660 3518 non
2681 3464 2870 3519 eodem
2895 3467 3054 3522 modo
3073 3468 3262 3523 eadem

1683 3554 1798 3624 ipsa
1826 3554 2069 3608 voluntas
2095 3553 2327 3609 hominis
2356 3554 2557 3610 eisdem
2585 3554 2788 3610 viribus
2829 3557 2983 3612 liberi
3017 3560 3262 3627 arbitrii,

1684 3661 1791 3701 non
1829 3643 1894 3699 ad
1947 3646 2046 3699 hoc
2090 3653 2406 3715 exspectans
2447 3659 2506 3699 se
2549 3645 2798 3700 divinitus
2840 3646 3112 3716 adjuvari,
3165 3650 3260 3705 sed

1684 3735 1785 3791 sibi
1812 3734 2038 3789 naturali
2065 3735 2416 3804 possibilitate
2441 3732 2714 3790 sufﬁciens
2733 3776 2750 3799 ,
2776 3737 3034 3808 quidquid
3063 3739 3264 3796 laboris

1683 3829 1772 3883 vel
1801 3828 2004 3883 doloris
2029 3828 2286 3897 ingeritur
2308 3869 2322 3892 ,
2364 3842 2459 3897 pro
2483 3827 2682 3897 justitia
2710 3838 2763 3882 et
2791 3829 2899 3883 vita
2938 3839 3135 3886 aeterna
3171 3847 3266 3901 pa-

1688 3921 2002 3976 tientissime
2041 3919 2304 3973 sustinet?
2343 3920 2423 3972 An
2463 3934 2623 3982 vero,
2655 3920 2928 3988 inquiunt,
2961 3921 3148 3976 idonea
3181 3932 3265 3977 est

1686 4013 1986 4082 iniquorum
2016 4011 2277 4074 voluntas,
2311 4009 2420 4063 Deo
2447 4024 2553 4063 non
2581 4009 2883 4078 adjuvantc,
2918 4020 2973 4064 ut
3000 4025 3057 4064 se
3079 4013 3174 4080 ipsi
3208 4013 3262 4066 in

1687 4102 2004 4158 cruciatibus
2033 4115 2130 4170 pro
2157 4099 2462 4168 iniquitate,
2491 4107 2545 4153 ct
2571 4107 2852 4167 antequam
2885 4100 2952 4153 ab
2979 4101 3095 4154 aliis
3136 4117 3259 4156 cru-

1686 4196 1930 4259 cientur,
1959 4200 2278 4255 exerceant;
2318 4189 2508 4244 idonea
2535 4200 2616 4244 est
2643 4189 2892 4243 voluntas
2917 4205 3095 4245 moras
3134 4194 3262 4248 vitae

1686 4285 1844 4355 hujus
1870 4284 2161 4337 amantium
2186 4322 2202 4347 ,
2234 4290 2290 4334 ut
2319 4280 2429 4334 Deo
2463 4294 2570 4334 non
2599 4279 2915 4348 adjuvantc,
2945 4279 3083 4335 inter
3111 4289 3261 4336 atro-

1686 4375 1900 4431 cissima
1927 4381 1982 4426 et
2019 4372 2176 4442 longa
2203 4379 2460 4425 tormenta
2488 4371 2540 4424 in
2578 4369 2857 4424 mendacio
2880 4382 3260 4441 perseverent,

1687 4483 1756 4524 ne
1780 4481 1872 4522 sua
1901 4463 2134 4519 facinora
2161 4462 2475 4517 confitentes
2495 4501 2509 4527 ,
2532 4461 2818 4530 jubeantur
2839 4463 3042 4529 occidi;
3076 4472 3129 4519 et
3155 4480 3266 4523 non

1687 4569 1771 4618 est
1797 4558 1985 4614 idonea
2016 4556 2282 4626 justorum
2314 4554 2560 4608 voluntas
2581 4595 2596 4619 ,
2626 4554 2726 4608 nisi
2764 4553 2841 4609 eis
2871 4556 3010 4609 vires
3035 4556 3268 4626 desuper

1687 4658 2070 4723 suggerantur,
2102 4646 2365 4717 quaslibet.
2391 4659 2608 4715 poenas,
2636 4645 2722 4699 vel
2761 4645 2925 4714 ipsius
2958 4645 3153 4701 decore
3176 4647 3262 4717 ju-

1689 4742 1870 4806 stitiaa,
1901 4740 1985 4796 vel
2013 4747 2225 4794 aeterna:
2247 4738 2368 4791 vita:
2396 4751 2576 4790 amore
2604 4734 2873 4804 perferre?

1758 4831 1984 4889 CAPUT
2023 4829 2185 4884 XVII.
2213 4828 2392 4882 -14.
2424 4827 2625 4881 Salutio
2656 4842 2676 4880 :
2707 4826 2902 4896 iniquos
2940 4827 3175 4884 duritiem
3204 4849 3271 4888 ea:

1689 4923 1997 4994 cupiditate,
2026 4921 2134 4990 pios
2177 4918 2524 4989 fortitudinem
2560 4933 2622 4970 ea:
2653 4917 2898 4970 charitale
2928 4919 3128 4975 habere.
3155 4921 3267 4977 Pa-
3309 4954 3336 4990 ,ο

1691 5016 1876 5070 ιὶεηιὶίε
1905 5013 2049 5082 falsa:
2073 5010 2252 5080 sufﬁcit
2276 5009 2507 5063 voluntas
2535 5009 2776 5073 humana,
2801 5025 2902 5062 non
2928 5021 3094 5065 autent
3117 5028 3267 5069 verte.

1693 5108 1791 5176 Qui
1821 5107 1938 5160 haec
1965 5103 2187 5168 dicunt,
2220 5116 2325 5156 non
2359 5100 2658 5170 intelligunt
2691 5109 2746 5155 et
2772 5115 3036 5172 quemque
3063 5104 3272 5174 iniquo-

1693 5213 1812 5253 rum
1838 5203 1985 5249 tanto
2010 5208 2128 5248 esse
2165 5192 2232 5246 ad
2266 5205 2613 5261 quaecumque
2651 5192 2789 5245 mala
2830 5193 3144 5261 perferenda
3172 5195 3274 5248 du-

1694 5291 1890 5345 riorem
1912 5328 1926 5352 ,
1957 5294 2155 5356 quanto
2182 5287 2233 5341 in
2261 5300 2325 5340 eo
2351 5285 2522 5355 major
2547 5293 2630 5339 est
2659 5285 2919 5354 cupiditas
2966 5287 3179 5350 mundi;
3213 5299 3272 5342 et

1694 5393 1957 5451 quemque
1988 5377 2252 5448 justorum
2298 5384 2446 5430 tanto
2487 5391 2607 5432 esse
2649 5375 2716 5430 ad
2746 5391 3094 5446 quaecumque
3132 5377 3271 5431 mala

1698 5471 2006 5545 perferenda
2031 5470 2327 5536 fortiorem,
2351 5476 2550 5539 quanto
2580 5468 2632 5522 in
2657 5483 2722 5523 eo
2741 5477 2826 5522 est
2849 5468 3017 5536 major
3038 5467 3273 5524 charitas

1763 5649 1835 5759 (a)
1855 5650 2130 5713 Cyprianus,
2153 5647 2201 5696 in
2235 5645 2321 5695 lib.
2351 5645 2416 5694 dc
2448 5652 2572 5694 Bono
2605 5644 2850 5705 patientiae
2876 5654 2887 5689 :
2923 5657 2945 5685 α
2967 5642 3008 5688 si
3031 5643 3274 5715 sapientia

1763 5711 1846 5759 ilic
1881 5723 1997 5759 vera
2031 5724 2127 5758 non
2179 5717 2282 5759 est.
2330 5720 2442 5756 esse
2487 5721 2582 5755 non
2628 5712 2787 5759 potest
2831 5710 2883 5753 et
2925 5715 3041 5751 vera
3082 5712 3274 5759 pane...

1709 5710 1846 5761 «illic
1881 5710 1997 5760 vera
2031 5724 2127 5758 non
2179 5717 2282 5767 est,
2330 5720 2442 5756 esse
2487 5721 2582 5755 non
2627 5712 2787 5765 potest
2831 5710 2883 5753 et
2925 5715 3041 5751 vera
3082 5710 3275 5787 mne]...

1713 5791 1735 5819 ι
1757 5775 1838 5823 tia.
1863 5789 1886 5818 ι)

2507 5849 2801 5928 ίνίηθε.)
