3860 6284
2133 168 2189 195 ’,ς

1694 285 1777 339 DE
1817 281 2203 346 PATIENTIA,
2244 281 2305 335 S.
2344 279 2711 337 AUGUSTINI
3686 296 3765 357 ω

560 297 662 353 619

558 412 675 469 Dei.
707 409 816 465 Sed
854 406 1115 477 capiditas
1160 402 1345 459 mundi
1392 401 1597 456 initium
1630 398 1791 455 habet
1818 415 1882 453 ex
1926 398 2149 453 arbitrio

558 503 865 568 voluntatis,
899 513 1239 570 progressum
1261 512 1327 551 cx
1352 493 1684 564 jucunditate
1711 492 2020 561 voluptatis,
2055 491 2149 547 ﬁr—

560 601 890 651 mamentum
922 607 987 647 ex
1014 589 1224 644 vinculo
1253 584 1656 643 consuetudinis
1685 602 1697 637 :
1721 583 1959 639 Charitas
1979 592 2150 637 autem

559 684 657 739 Dei
679 682 866 749 di/fusa
885 690 957 736 est
985 680 1037 733 in
1058 678 1292 732 cordibus
1320 676 1526 741 nostris,
1552 690 1659 729 non
1680 674 1861 743 utique
1882 689 1945 727 ex
1968 672 2147 741 nobis,

560 775 655 831 sed
684 791 771 847 per
793 772 1044 844 Spiritum
1070 779 1298 833 sanctum
1324 768 1411 838 qui
1436 768 1585 821 datus
1612 776 1684 821 est
1720 766 1861 823 nobis
1886 765 2060 837 (Rom.
2091 782 2147 832 v,

570 868 651 939 5).
677 865 907 925 Proinde
932 863 999 920 ab
1027 864 1120 918 illo
1150 870 1232 918 est
1259 861 1511 932 patientia
1537 861 1834 929 iustorum,
1865 874 1960 930 per
1987 873 2151 929 quem

560 959 873 1031 diffunditur
911 957 1147 1019 charitas
1193 970 1382 1013 eorum
1412 956 1452 1007 ί.
1480 953 1648 1020 Quam
1678 953 1992 1009 charitatem
2038 952 2153 1007 lau-

563 1053 697 1109 dans
723 1060 880 1121 atque
902 1046 1286 1106 commendans
1307 1045 1617 1117 Apostolus,
1648 1046 1786 1102 inter
1812 1053 2005 1100 cratera
2030 1043 2150 1113 ejus

560 1144 699 1199 bona
724 1142 857 1200 dixit
882 1156 1002 1196 eam
1040 1148 1096 1195 et
1133 1148 1323 1195 cuncta
1348 1138 1596 1194 suilerre.
1628 1137 1898 1203 Charitas,
1941 1137 2147 1206 inquit,

562 1233 888 1306 magnanima
934 1242 1027 1289 est.
1075 1234 1141 1289 Et
1186 1232 1345 1302 paulo
1391 1238 1511 1301 post
1553 1231 1630 1286 ait
1672 1247 1685 1283 :
1730 1228 1919 1284 Omnia
1968 1228 2150 1283 tolerat

562 1324 761 1397 (ICor.
787 1339 903 1391 XIII,
928 1324 964 1380 4
984 1332 1032 1377 et
1057 1322 1137 1393 7).
1164 1322 1374 1388 Quanto
1400 1336 1529 1391 ergo
1552 1319 1723 1390 major
1750 1328 1834 1375 est
1867 1318 1921 1373 in
1948 1318 2150 1391 sanctis

560 1417 796 1474 charitas
834 1416 955 1482 Dei,
990 1424 1138 1471 tanto
1171 1414 1341 1486 magis
1378 1429 1476 1484 pro
1515 1427 1581 1470 eo
1616 1412 1761 1484 quod
1795 1412 2061 1483 diligitur,
2093 1420 2151 1467 et

560 1517 758 1581 quanto
793 1506 965 1577 major
1004 1514 1087 1563 est
1127 1506 1182 1561 in
1222 1505 1591 1577 peccatoribus
1630 1505 1891 1575 cupiditas
1929 1503 2146 1569 mundi,

450 1662 455 1665 ,
560 1606 711 1654 tanto
736 1597 905 1668 magis
934 1611 1030 1666 pro
1057 1610 1123 1652 eo
1148 1595 1292 1666 quod
1325 1594 1751 1664 concupiscitur,
1793 1595 1972 1650 omnia
2016 1594 2150 1651 tole—

558 1699 763 1746 rantur.
788 1691 866 1753 Ac
892 1704 987 1759 per
1013 1687 1115 1747 hoc
1139 1687 1263 1743 inde
1293 1695 1375 1744 est
1401 1686 1652 1756 patientia
1680 1702 1805 1743 vera
1836 1687 2103 1756 justorum
2125 1726 2145 1753 ,

559 1782 707 1840 unde
737 1792 821 1839 est
861 1782 915 1837 in
959 1782 1038 1839 eis
1074 1780 1307 1837 cbaritas
1347 1780 1478 1845 Dei;
1523 1787 1577 1835 et
1616 1779 1738 1835 inde
1768 1788 1849 1836 est
1892 1779 2147 1849 patientia

558 1876 695 1935 falsa
732 1876 1070 1945 iniquorum,
1113 1872 1252 1927 unde
1295 1880 1379 1928 est
1419 1871 1476 1929 in
1514 1871 1593 1927 eis
1630 1870 1893 1941 cupiditas
1935 1869 2142 1927 mundi.

558 1967 787 2036 Propter
805 1965 947 2037 quod
967 1965 1097 2021 dicit
1118 1965 1351 2020 Joannes
1378 1962 1668 2033 Apostolus
1699 1979 1711 2017 :
1745 1961 1920 2016 Nolite
1939 1962 2149 2033 diligere

559 2056 806 2117 viandum
825 2097 841 2124 ,
870 2073 959 2111 nec
987 2073 1048 2111 ea
1080 2070 1198 2125 qua
1227 2056 1279 2109 in
1304 2069 1493 2109 munao
1519 2063 1657 2109 sunt.
1688 2053 1750 2109 Si
1774 2053 1889 2125 quis
1913 2053 2148 2107 ditererit

558 2146 843 2213 mundum,
870 2146 1071 2200 dilectio
1099 2144 1273 2205 Patris
1301 2162 1404 2201 non
1444 2154 1518 2199 est
1563 2146 1617 2201 iu
1652 2144 1763 2212 ipso
1798 2159 1817 2197 :
1853 2144 1972 2213 quia
2000 2158 2149 2198 autne

558 2239 694 2306 quod
720 2239 772 2292 in
797 2237 984 2293 mundo
1009 2246 1103 2303 est,
1136 2236 1543 2305 concupiscentia
1567 2235 1735 2292 carnis
1759 2244 1854 2302 est,
1878 2244 1927 2289 et
1955 2250 2145 2289 concu-

557 2330 801 2399 piscentia
840 2329 1103 2384 oculorum
1125 2370 1140 2393 ,
1170 2338 1217 2383 et
1238 2329 1444 2385 ambitio
1480 2329 1690 2394 seaculi;
1717 2345 1828 2399 quae
1856 2346 1957 2383 non
1982 2338 2055 2383 est
2083 2344 2147 2383 ea:

556 2419 738 2487 Patre,
761 2419 848 2475 sed
874 2436 936 2474 ea;
956 2420 1143 2473 mundo
1163 2428 1234 2474 est
1265 2418 1499 2489 (IIoan.
1524 2435 1580 2485 ιι,
1612 2420 1680 2476 15
1698 2428 1747 2473 et
1768 2420 1878 2490 16).
1900 2419 2147 2490 11ωείδί-

555 2519 646 2567 tur
682 2511 1115 2581 concupiscentia
1158 2526 1277 2581 qua:
1323 2526 1429 2566 non
1478 2519 1561 2566 est
1600 2526 1667 2567 ex
1710 2511 1902 2576 Patre,
1943 2510 2039 2567 sed
2076 2527 2145 2567 ex

554 2605 791 2671 mundo,
817 2614 1015 2675 quanto
1046 2604 1203 2665 fuerit
1234 2604 1286 2660 in
1329 2603 1547 2659 homine
1572 2604 1943 2660 vehementior
1971 2614 2024 2660 et
2050 2619 2145 2661 ar-

554 2698 801 2763 dentior,
836 2706 983 2752 tanto
1024 2696 1085 2751 lit
1120 2696 1347 2765 quisque
1391 2709 1485 2763 pro
1515 2708 1581 2749 eo
1608 2694 1749 2764 quod
1778 2695 2140 2764 concupiscit,

553 2789 794 2844 omnium
822 2787 1188 2843 molestiarum
1209 2785 1563 2854 dolorumque
1586 2786 1891 2855 patientior.
1915 2785 2141 2853 Idcirco,

550 2880 691 2937 sicut
722 2894 881 2949 supra
911 2878 1175 2943 diximus,
1214 2891 1321 2933 non
1348 2885 1431 2931 est
1453 2877 1553 2931 ista
1577 2876 1827 2944 patientia
1864 2875 2140 2933 desursum

551 2968 884 3026 descendens
932 2986 945 3021 :
987 2967 1239 3037 patientia
1282 2981 1411 3022 vero
1451 2967 1661 3034 piorum
1701 2965 1981 3021 desursum
2023 2974 2140 3033 est,

551 3062 885 3121 descendens
903 3076 938 3118 a
966 3060 1126 3116 Patre
1151 3060 1433 3116 luminum.
1466 3058 1645 3129 Itaque
1676 3060 1760 3113 illa
1789 3068 1997 3116 terrena
2027 3070 2139 3129 est,

549 3158 653 3214 ista
693 3156 959 3223 caelestis;
1003 3155 1093 3210 illa
1122 3153 1369 3209 animalis
1388 3194 1403 3220 ,
1426 3152 1527 3207 ista
1548 3152 1876 3221 Spiritualis;
1909 3152 1996 3206 illa
2019 3152 2140 3207 dia-

548 3248 719 3306 bolica
738 3287 754 3314 ,
788 3247 888 3302 ista
927 3246 1136 3303 deilica.
1169 3244 1433 3311 Quoniam
1459 3242 1923 3312 concupiscentia,
1950 3258 2056 3313 qua
2082 3244 2145 3298 tit

548 3348 611 3394 ut
641 3348 919 3408 peccantes
952 3337 1128 3392 omnia
1158 3335 1501 3404 pertinaciter
1530 3335 1817 3404 patiantur,
1849 3350 1915 3389 ex
1943 3335 2142 3390 mundo

548 3438 669 3495 est;
704 3430 937 3483 charitas
970 3438 1147 3483 autem
1167 3465 1184 3493 ,
1214 3442 1316 3494 qua
1341 3427 1402 3482 iit
1435 3436 1491 3481 ut
1514 3436 1661 3482 recte
1698 3428 1938 3481 viventes
1962 3428 2141 3481 omnia

549 3522 760 3578 fortiter
787 3520 1071 3589 patiantur,
1090 3534 1155 3573 ex
1179 3517 1290 3573 Deo
1309 3526 1410 3573 est.
1430 3517 1634 3572 Etideo
1651 3517 1725 3571 illi
1755 3516 1904 3572 falsa:
1930 3518 2138 3587 patien-

550 3613 641 3668 tia:
668 3619 844 3682 potest
870 3610 988 3665 sine
1022 3609 1286 3679 adjutorio
1316 3609 1410 3665 Dei
1440 3608 1685 3662 voluntas
1721 3607 1951 3663 humana
1984 3610 2107 3664 sum
2126 3641 2139 3651 -

549 3719 708 3769 cere;
739 3712 884 3757 tanto
904 3701 1107 3767 durior,
1130 3710 1329 3770 quanto
1352 3699 1621 3769 cupidior;
1651 3709 1704 3755 et
1724 3715 1790 3755 eo
1814 3701 2141 3757 tolerabilius

549 3798 692 3853 mala
713 3796 980 3849 sustinens
1000 3834 1015 3858 ,
1041 3808 1147 3863 quo
1176 3793 1289 3861 ipsa
1320 3792 1378 3846 tit
1407 3792 1556 3862 pejor
1585 3808 1599 3844 :
1632 3791 1755 3846 huic
1779 3801 1958 3846 autem
1980 3834 1994 3859 ,
2019 3808 2139 3863 quae

549 3904 678 3944 vera
700 3887 952 3957 patientia
974 3894 1075 3954 est,
1099 3884 1220 3941 ideo
1240 3885 1483 3939 voluntas
1508 3883 1757 3949 humana,
1785 3884 1884 3938 nisi
1910 3883 2139 3955 desuper

549 3982 730 4053 adjuta
769 3990 823 4037 et
858 3980 1179 4034 inﬂammata
1198 4019 1214 4045 ,
1242 3994 1349 4032 non
1378 3975 1596 4043 sufﬁcit,
1619 3977 1742 4047 quia
1762 3976 1990 4046 Spiritus
2012 3993 2139 4032 sau-

549 4084 669 4131 ctus
687 4082 772 4130 est
796 4074 930 4144 ignis
946 4073 1090 4143 ejus;
1111 4086 1217 4141 quo
1237 4070 1337 4124 nisi
1359 4083 1583 4125 accensa
1607 4069 1791 4139 diligat
1814 4069 2140 4139 impassihile

548 4171 749 4225 bonum
771 4210 784 4233 ,
812 4166 953 4222 ferre
983 4180 1087 4220 non
1119 4171 1294 4233 potest
1321 4161 1462 4233 quod
1490 4162 1683 4232 patitur
1712 4161 1932 4216 malum.

619 4261 847 4317 CAPUT
886 4258 1070 4315 XVIII.
1096 4288 1168 4298 ——
1205 4259 1293 4312 15.
1336 4256 1403 4310 Ut
1438 4256 1760 4310 θῆαι-ἠείδει
1796 4254 1939 4320 Deo,
1966 4256 2038 4310 ita
2076 4272 2139 4312 ea:

551 4355 660 4426 ipso
694 4352 934 4421 patientia
959 4365 1075 4404 uera
1107 4364 1221 4417 quae
1249 4356 1420 4401 manat
1454 4363 1487 4399 a
1522 4348 1785 4402 charitate.
1815 4348 1963 4403 Sicut
1990 4349 2136 4403 enim

548 4447 727 4502 divina
752 4451 1016 4500 testantur
1043 4442 1272 4512 eloquia,
1309 4438 1442 4494 Deus
1461 4440 1683 4494 Charitas
1707 4449 1779 4495 est
1796 4481 1811 4506 ,
1841 4450 1888 4495 et
1910 4442 1997 4511 qui
2022 4459 2136 4495 ma-

550 4549 637 4595 net
662 4540 716 4593 in
753 4537 998 4590 charitate
1020 4575 1035 4601 ,
1060 4534 1116 4587 in
1143 4531 1249 4586 Deo
1281 4541 1485 4599 manet,
1515 4540 1561 4584 et
1601 4530 1739 4586 Deus
1764 4532 1817 4585 in
1840 4533 1932 4586 illo
1970 4543 2137 4588 ntanet

550 4630 599 4703 (Ι
615 4630 772 4684 Joan.
796 4644 872 4695 iv,
907 4627 1019 4699 16).
1044 4625 1295 4694 Quisquis
1322 4638 1449 4693 ergo
1469 4623 1744 4679 contendit
1769 4624 1952 4680 haberi
1979 4639 2137 4696 posse

551 4723 648 4778 Dei
671 4721 979 4777 charitatem
1010 4720 1127 4775 sine
1155 4718 1248 4773 Dei
1276 4716 1560 4787 adjutorio,
1591 4718 1714 4789 quid
1744 4718 1889 4773 aliud
1909 4727 2134 4774 conten-

551 4816 667 4881 dit,
710 4816 812 4868 nisi
850 4814 1031 4870 haberi
1058 4814 1238 4868 'Deum
1285 4826 1442 4882 posse
1472 4812 1587 4867 sine
1617 4812 1761 4866 Deo?
1799 4813 1926 4880 Quis
1956 4821 2133 4869 autem

550 4909 658 4964 hoc
686 4907 827 4962 dicat
852 4906 1199 4972 Christianus,
1231 4906 1372 4977 quod
1404 4906 1579 4961 nullus
1610 4906 1786 4962 dicere
1825 4906 2017 4962 audeat
2046 4909 2131 4963 in-

551 5002 751 5058 sanus?
796 4999 1077 5055 Exsultans
1113 5014 1240 5071 ergo
1281 4999 1419 5070 apud
1464 4999 1780 5069 Apostolum
1823 5015 1982 5067 vera,
2013 5002 2126 5071 pia,

549 5092 832 5161 ﬁdelisque
856 5091 1105 5160 patientia
1127 5133 1142 5157 ,
1170 5091 1299 5146 dicit
1334 5108 1429 5147 ore
1458 5102 1762 5148 sanctorum
1792 5096 1813 5126 ³
1844 5112 1856 5147 :
1885 5093 2011 5160 Quis
2040 5112 2133 5150 nos

547 5184 801 5255 separabit
829 5199 863 5235 a
886 5182 1130 5237 eharitate
1163 5182 1383 5238 Christi?
1423 5182 1743 5240 Tribulatio?
1766 5202 1832 5240 an
1858 5188 2133 5257 angustia?

549 5292 619 5330 an
644 5275 921 5347 persecutio
940 5273 968 5328 ?
1004 5289 1069 5326 an
1109 5274 1308 5343 fames?
1332 5291 1397 5328 an
1428 5275 1630 5330 nuditas
1652 5276 1678 5329 .9
1700 5293 1767 5331 an
1807 5279 2083 5347 periculum
2107 5279 2132 5333 Ρ

482 5360 505 5441 μὶ
546 5384 614 5422 an
637 5366 885 5438 gladius!
909 5366 1035 5421 sicut
1054 5366 1297 5436 scriptum
1321 5374 1392 5421 est
1416 5409 1431 5434 ,
1463 5365 1594 5434 Quia
1614 5379 1818 5439 propter
1841 5379 1886 5424 te
1912 5372 2128 5441 morti/i-

547 5470 723 5513 eantur
749 5468 851 5514 tota
876 5459 957 5514 die
981 5502 995 5528 ,
1026 5458 1254 5531 deputati
1272 5476 1443 5514 sumus
1464 5462 1590 5515 sicut
1617 5478 1728 5517 oves
1757 5464 1988 5519 uictima.
2023 5464 2131 5521 Sed

545 5551 601 5606 in
622 5552 701 5607 Itis
729 5553 959 5607 omnibus
985 5553 1378 5625 supervincimus
1410 5571 1502 5629 per
1520 5571 1632 5629 eum
1657 5557 1742 5627 qui
1779 5556 1956 5612 dilexit
1994 5575 2084 5615 nos
2111 5576 2124 5614 :

613 5690 632 5720 ⁸
666 5696 766 5738 Duo
787 5696 916 5749 Mss.,
940 5687 990 5739 in
1012 5689 1239 5741 cordibus
1259 5703 1442 5741 eorum.

613 5753 632 5782 ³
663 5750 903 5799 trasalnnis
924 5759 1026 5809 315.,
1050 5754 1275 5815 patientia
1297 5761 1569 5805 sanctorum
1592 5753 1745 5814 dicit;
1768 5757 1964 5818 omisso,
1989 5770 2088 5809 ore.

2258 411 2369 450 non
2399 410 2493 465 per
2527 412 2654 463 nos,
2682 396 2775 451 sed
2805 414 2893 467 per
2923 413 3036 455 eum
3059 397 3143 467 qui
3176 399 3349 457 dilexit
3372 416 3479 460 nos.
3505 403 3677 467 Deinde
3696 428 3762 471 se.

2259 488 2440 557 quitur
2459 497 2513 542 et
2538 488 2796 558 adjungit,
2829 489 3005 546 Certus
3032 508 3146 573 sum
3168 493 3318 559 enim,
3348 496 3465 565 quia
3488 514 3626 568 neque
3646 520 3760 575 ιηοτε,

2259 594 2415 648 neque
2442 579 2565 643 vita,
2592 595 2751 648 neque
2773 581 2977 651 angeli,
3007 566 3165 651 neque
3187 584 3492 655 principatus
3510 630 3524 653 ,
3550 566 3680 662 neque

2261 678 2458 724 testates
2477 706 2495 735 ,
2522 686 2678 738 neque
2698 672 2967 739 puemitia
2986 712 3001 739 ,
3023 688 3178 743 neque
3197 678 3391 744 futura,
3419 694 3567 747 neque
3584 682 3764 757 altitudo,

2259 778 2415 832 neque
2479 762 2825 833 profundum,
2872 780 3030 833 neque
3081 774 3309 825 creatura
3361 770 3463 825 alia
3514 777 3670 841 poterit
3706 798 3769 837 πω

2256 870 2494 925 separare
2546 871 2581 911 a
2628 856 2874 917 charitate
2919 855 3052 923 Dei,
3093 874 3207 929 quae
3257 870 3330 916 est
3380 862 3435 917 in
3472 861 3650 923 Christo
3680 870 3768 928 Iesu

2258 945 2479 1003 Domino
2509 957 2678 1004 nostra
2708 948 2883 1018 (Rom.
2905 965 3031 1017 VIII,
3063 950 3272 1021 55-59).
3303 952 3429 1010 Hice
3453 965 3530 1011 est
3547 957 3627 1013 illa
3644 963 3768 1018 ιΙιαι-ε.

2256 1046 2337 1109 tas
2368 1038 2500 1107 Dei,
2529 1055 2648 1110 qua:
2685 1039 2877 1109 diiusa
2917 1051 2991 1096 est
3033 1044 3086 1095 in
3125 1044 3360 1100 cordibus
3385 1049 3561 1103 nostris
3584 1066 3601 1102 :
3624 1067 3706 1106 non
3726 1072 3768 1112 ex

2257 1129 2413 1185 nobis
2436 1170 2452 1197 ,
2480 1130 2574 1187 sed
2613 1147 2703 1202 per
2738 1130 2989 1201 Spiritum
3018 1143 3249 1189 sanctum
3288 1137 3377 1206 qui
3405 1138 3543 1195 datus
3568 1153 3629 1197 est
3653 1148 3768 1201 nobis.

2258 1220 2516 1285 Malorum
2554 1230 2732 1281 autem
2777 1224 3211 1294 concupiscentia,
3241 1236 3459 1297 propter
3482 1246 3623 1299 quam
3656 1236 3698 1288 in
3720 1238 3771 1292 eis

2256 1321 2339 1375 est
2368 1313 2494 1369 falsa
2518 1315 2791 1382 patientia,
2812 1331 2914 1373 non
2934 1325 3005 1371 est
3032 1333 3097 1373 ex
3118 1317 3298 1385 Patre,
3324 1320 3464 1379 sicut
3481 1321 3601 1379 dicit
3615 1338 3770 1394 aposta

2257 1402 2341 1459 lus
2368 1404 2604 1461 Joannes
2622 1446 2637 1471 ,
2670 1405 2759 1460 sed
2782 1422 2845 1461 ea
2872 1408 3061 1469 mundo
3084 1418 3177 1467 est.

2327 1495 2550 1554 CAPUT
2575 1496 2716 1551 XIX.
2735 1527 2804 1537 —
2824 1498 2911 1555 16.
2927 1498 2989 1554 Si
3012 1500 3263 1568 cupiditas
3279 1517 3344 1558 η
3363 1505 3564 1572 nudo,
3584 1502 3771 1574 quomodo

2256 1600 2319 1642 ea:
2342 1586 2564 1641 humana
2588 1587 2857 1643 voluntate.
2890 1589 3039 1656 Quod
3077 1592 3189 1661 quis
3217 1608 3323 1646 non
3342 1594 3406 1648 sit
3424 1612 3485 1649 ex
3506 1599 3684 1665 mdo,
3703 1618 3771 1657 seu

2255 1687 2450 1737 natura
2468 1688 2559 1747 est,
2589 1680 2679 1741 sed
2703 1682 2901 1752 gratiaa.
2928 1681 3026 1739 Hic
3052 1681 3197 1739 dicet
3214 1683 3447 1755 aliquis:
3471 1686 3522 1742 Si
3540 1703 3602 1744 ex
3628 1694 3770 1749 mundo

2253 1781 2338 1829 est
2375 1773 2803 1844 concupiscentia
2840 1775 3127 1843 malorum,
3173 1791 3271 1846 per
3312 1793 3471 1848 quam
3510 1782 3564 1834 Iit
3598 1791 3647 1837 ut
3675 1787 3769 1840 mali
3824 1832 3825 1859 ι

2254 1865 2432 1925 omnia
2459 1880 2557 1935 pro
2592 1878 2658 1922 eo
2684 1864 2830 1935 quod
2871 1866 2943 1922 ab
2973 1867 3076 1923 illis
3111 1870 3508 1939 concupiscitur
3533 1874 3766 1943 perferant,
3824 1870 3825 1925 1

2253 1971 2362 2027 quo
2388 1956 2553 2012 modo
2593 1971 2659 2013 es
2700 1972 2886 2017 eorum
2929 1957 3123 2017 dicitur
3166 1960 3475 2019 voluntate?
3511 1963 3649 2031 Quasi
3682 1983 3769 2021 vero
3824 1952 3825 1999 ἒ

2254 2064 2361 2105 non
2382 2058 2434 2105 et
2462 2049 2564 2120 ipsi
2592 2064 2658 2104 ex
2687 2049 2888 2107 mundo
2912 2050 3040 2117 sint,
3067 2066 3188 2107 cum
3217 2052 3291 2109 ab
3320 2054 3401 2109 eis
3425 2054 3636 2127 diligitur
3658 2075 3766 2114 inuu—
3824 2049 3825 2121 Ὺ

2253 2142 2354 2198 dus
2372 2183 2387 2209 ,
2417 2143 2634 2200 deserto
2661 2156 2728 2199 eo
2757 2145 2773 2176 ι
2802 2159 2899 2215 per
2925 2160 3086 2214 quem
3120 2144 3296 2200 factus
3321 2155 3405 2203 est
3438 2148 3659 2205 mundus.
3680 2150 3767 2205 δετ-

2251 2234 2391 2297 aiunt
2416 2234 2559 2291 enim
2586 2244 2832 2293 creatura:
2855 2236 3023 2306 potius
3040 2252 3191 2306 quam
3213 2234 3465 2305 Creatori,
3484 2241 3564 2310 qui
3585 2251 3643 2295 est
3659 2241 3764 2296 bene-

2252 2326 2417 2381 dictus
2440 2327 2494 2380 in
2520 2327 2708 2382 saecula
2729 2327 2906 2398 (Rom.
2930 2344 2982 2396 ι,
3010 2327 3126 2398 ‘35).
3158 2329 3285 2385 Sive
3320 2330 3498 2401 itaque
3528 2332 3680 2387 mundi
3701 2350 3763 2387 vo-

2251 2416 2441 2473 cabulo
2499 2416 2731 2475 Joannes
2790 2420 3065 2489 apostolus
3117 2418 3412 2477 dilectores
3465 2422 3762 2493 signiﬁcaverit

2250 2508 2468 2574 mundi,
2495 2510 2740 2569 voluntas
2774 2526 2894 2583 qua:
2929 2526 2994 2567 ex
3030 2511 3160 2580 ipsis
3187 2520 3311 2579 est,
3344 2514 3521 2586 utique
3543 2530 3601 2569 es
3621 2517 3762 2571 mundo

2249 2608 2334 2657 est
2363 2618 2377 2655 :
2406 2601 2517 2657 sive
2558 2602 2745 2659 mundi
2776 2603 2990 2659 nomine
3026 2604 3223 2665 caelum
3264 2612 3324 2660 et
3362 2615 3546 2663 terram
3580 2616 3626 2664 et
3655 2624 3758 2677 qua

2248 2708 2477 2763 cumque
2515 2693 2566 2747 in
2600 2695 2679 2749 eis
2714 2703 2869 2761 sunt,
2905 2696 3007 2750 hoc
3039 2703 3147 2761 est,
3188 2697 3494 2753 universam
3520 2700 3759 2770 complexus

2246 2786 2319 2840 sit
2354 2795 2684 2854 creaturam,
2715 2787 2959 2845 voluntas
2989 2788 3170 2856 procul
3198 2787 3366 2844 dubio
3399 2799 3655 2856 creature.
3679 2806 3757 2860 qua

2247 2893 2356 2935 non
2378 2890 2462 2935 est
2480 2878 2769 2946 Creatoris,
2791 2896 2857 2936 ex
2881 2880 3082 2936 mundo
3104 2890 3205 2937 est.
3230 2881 3459 2953 Propter
3477 2883 3605 2953 quod
3626 2884 3757 2938 talibus

2246 2971 2505 3027 Dominus
2534 2972 2663 3027 dicit
2691 2990 2705 3027 :
2749 2972 2844 3028 Vos
2884 2972 2945 3027 de
2974 2973 3211 3028 deorsum
3235 2977 3386 3041 estis,
3410 2993 3497 3047 ego
3528 2976 3585 3031 de
3614 2993 3753 3031 sursum

2246 3064 3498 3136 sum:vosdehoemundoestis,egononsutude
3523 3068 3755 3122 horrendo
3824 3064 3825 3136 ᾗ

2248 3155 2427 3226 (Joan.
2454 3172 2543 3211 vm
2563 3197 2578 3223 ,
2609 3156 2726 3226 25).
2765 3158 3036 3227 Apostolis
3058 3166 3237 3213 autem
3265 3159 3397 3215 dicit
3426 3176 3440 3214 :
3471 3160 3530 3215 Si
3551 3158 3753 3214 denuda
3824 3155 3825 3181 λ

2247 3249 2340 3303 hoc
2359 3252 2550 3317 essetis,
2579 3251 2797 3304 mundus
2817 3251 2950 3321 quod
2970 3267 3119 3305 suum
3137 3260 3211 3305 est
3231 3251 3482 3324 diligeret.
3507 3252 3601 3308 Sed
3619 3268 3670 3306 ne
3685 3250 3752 3304 sibi
3823 3266 3825 3324 λ

2245 3342 2473 3411 amplius
2499 3350 2838 3412 arrogarent,
2871 3357 3031 3413 quam
3056 3358 3243 3399 eorum
3278 3360 3519 3400 mensura
3548 3344 3751 3415 poscebat,

2245 3443 2301 3488 et
2339 3433 2443 3489 hoc
2479 3432 2623 3503 quod
2662 3448 2758 3488 eos
2796 3448 2902 3488 non
2941 3448 3061 3490 esse
3102 3435 3233 3490 dixit
3260 3451 3327 3490 ex
3359 3436 3581 3503 mundo,
3606 3444 3752 3489 natura

2245 3534 2494 3597 putarent
2511 3539 2652 3591 esse,
2672 3540 2777 3579 non
2797 3526 2980 3596 gratia:
3001 3544 3014 3580 :
3032 3526 3165 3591 Quia
3183 3543 3324 3596 vero,
3344 3528 3525 3598 inquit,
3546 3528 3602 3581 de
3616 3524 3752 3579 mdo

2244 3635 2346 3672 non
2366 3619 2504 3685 estis,
2527 3618 2613 3673 sed
2638 3634 2729 3689 ego
2754 3619 2880 3688 elegi
2898 3634 2983 3674 vos
3004 3621 3067 3673 de
3091 3621 3304 3689 mundo,
3330 3631 3578 3691 propterea
3598 3617 3679 3673 odit
3695 3630 3751 3669 res

2245 3710 2465 3763 mundus
2502 3708 2613 3780 (Id.
2648 3724 2750 3777 xv,
2784 3710 2897 3779 19).
2931 3710 3071 3781 Ergo
3101 3711 3166 3767 de
3198 3712 3403 3767 mundo
3426 3720 3565 3768 erant
3588 3712 3605 3743 ³
3630 3727 3642 3765 :
3666 3720 3749 3762 nam

2245 3809 2303 3855 ut
2330 3801 2398 3856 de
2426 3800 2624 3855 mundo
2653 3816 2756 3856 non
2784 3811 2995 3865 essent,
3028 3802 3182 3861 electi
3210 3814 3338 3858 sunt
3361 3803 3426 3860 de
3445 3802 3635 3857 mundo.

2313 3893 2539 3949 CAPUT
2579 3893 2696 3948 XX.
2718 3924 2789 3934 --
2811 3896 2896 3949 17.
2936 3893 3131 3950 Electio
3169 3896 3352 3966 gratia:
3380 3894 3596 3965 prevenit
3627 3891 3747 3945 cuius

2243 3988 2419 4041 merita
2467 3987 2615 4040 bona.
2668 3987 2845 4041 Gratia
2883 3988 2970 4041 dat
3015 3989 3228 4054 merita,
3275 4005 3377 4044 non
3421 3989 3589 4042 meritis
3622 3985 3743 4038 datur.

2244 4079 2496 4135 Prwvenit
2521 4080 2692 4149 fidem.
2728 4080 2871 4135 Hanc
2899 4089 3077 4137 autem
3114 4082 3429 4137 electionem
3469 4097 3563 4136 non
3595 4090 3743 4149 prm-

2243 4173 2481 4229 dentium
2524 4175 2574 4228 in
2623 4175 2777 4230 bonis
2811 4176 3061 4246 operibus
3102 4177 3431 4244 meritorum,
3473 4175 3555 4231 sed
3584 4173 3742 4229 electio-

2243 4280 2366 4321 nem
2390 4267 2575 4336 gratiae
2604 4266 2977 4322 demonstrans
3002 4267 3311 4337 Apostolus,
3338 4270 3414 4324 sic
3438 4268 3591 4337 inquit
3612 4282 3622 4317 :
3642 4261 3740 4316 Ειᾶ

2244 4355 2339 4411 hoc
2368 4365 2589 4427 tempore
2631 4356 2860 4426 reliquie
2894 4374 2983 4428 per
3027 4359 3322 4414 electionem
3351 4361 3517 4431 gratia
3547 4352 3739 4422 sabell-

2242 4457 2338 4503 σιω
2360 4457 2496 4502 sunt.
2531 4449 2593 4504 Si
2618 4458 2789 4503 autem
2816 4450 3001 4521 gratia,
3026 4452 3138 4522 jam
3168 4469 3268 4507 non
3311 4470 3373 4507 ea:
3395 4454 3629 4524 operibus:
3647 4447 3737 4499 αὕθ’

2241 4540 2363 4609 quin
2388 4539 2555 4609 gratia
2569 4539 2684 4609 jam
2711 4555 2810 4594 non
2835 4550 2909 4595 est
2932 4544 3095 4611 gratia
3126 4542 3302 4613 (Rom.
3334 4560 3386 4599 ιι
3403 4585 3420 4611 ,
3449 4544 3481 4598 5
3502 4553 3542 4596 et
3564 4541 3628 4609 6).
3651 4537 3735 4593 Hoc

2241 4638 2325 4685 est
2351 4628 2544 4685 electio
2564 4630 2771 4700 gratim,
2808 4632 2860 4685 id
2885 4642 2986 4697 est,
3016 4633 3209 4689 electio
3235 4650 3336 4705 qua
3367 4650 3453 4705 per
3474 4634 3555 4687 Dei
3568 4631 3732 4701 gratiam

2239 4718 2489 4775 homines
2514 4722 2797 4795 eliguntur.
2836 4722 2962 4777 Haec
2994 4734 3096 4787 est,
3126 4724 3359 4795 inquam,
3387 4725 3558 4780 electio
3583 4720 3730 4792 gratis.

2240 4825 2343 4882 qua
2392 4812 2570 4867 omnia
2615 4811 2753 4867 bona
2799 4812 2987 4868 merita
3030 4817 3417 4884 praeveniantur
3454 4815 3664 4869 humana.
3695 4808 3730 4859 Si

2238 4905 2381 4960 enim
2411 4905 2532 4960 ullis
2556 4905 2716 4961 bonis
2746 4907 2948 4961 meritis
2968 4907 3147 4973 datur,
3174 4909 3285 4979 jam
3311 4925 3411 4964 non
3437 4908 3578 4980 gratis
3601 4904 3726 4959 datur.

2237 4997 2331 5052 sed
2372 4997 2548 5052 debita
2588 4998 2846 5065 redditur,
2895 5014 2961 5053 ac
3001 5015 3098 5071 per
3138 5001 3239 5057 hoc
3277 5017 3378 5058 non
3426 5013 3538 5057 vero
3570 4993 3726 5051 nomine

2236 5088 2404 5157 gratia
2444 5098 2813 5158 nuncupatur;
2850 5089 2937 5144 ubi
2963 5106 3168 5156 merces,
3200 5092 3335 5147 sicut
3357 5090 3484 5147 idem
3507 5086 3609 5143 dicit
3632 5093 3721 5151 ape

2236 5178 2425 5241 stolus,
2452 5196 2553 5233 non
2577 5180 2855 5250 imputatur
2882 5181 3158 5236 secundum
3175 5184 3402 5255 gratiam,
3424 5182 3501 5235 sed
3516 5172 3721 5247 secundum

2236 5270 2454 5325 debitum
2485 5270 2593 5344 (Id.
2640 5287 2711 5339 iv,
2742 5271 2819 5343 t).
2866 5272 2920 5328 Si
2960 5282 3136 5339 autem
3176 5284 3233 5329 ut
3260 5288 3377 5330 vera
3412 5272 3476 5326 sit
3504 5265 3649 5339 gratia.
3679 5255 3714 5312 id

2234 5372 2339 5429 est,
2365 5363 2613 5434 gratuita,
2656 5364 2787 5419 nihil
2815 5366 3016 5422 invenit
3042 5366 3095 5420 in
3125 5365 3354 5433 homine,
3380 5362 3456 5420 cui
3482 5359 3631 5415 merito
3650 5350 3713 5405 δυ’

2234 5457 2455 5525 beam";
2491 5458 2633 5529 quod
2663 5458 2798 5516 bene
2827 5460 3138 5532 intelligitur
3169 5468 3224 5517 et
3266 5460 3316 5516 in
3353 5474 3412 5515 eo
3432 5453 3549 5527 quod
3568 5450 3708 5504 diem

2298 5641 2315 5671 ί
2350 5637 2468 5689 mliti
2489 5673 2504 5697 ,
2552 5637 2823 5701 deserentes
2865 5652 2989 5691 eum.
3018 5648 3074 5691 Αι
3117 5650 3218 5692 Mss.
3238 5675 3252 5701 ,
3296 5640 3525 5693 desatura
3546 5628 3703 5688 τιηιε

2229 5713 2380 5766 unum
2405 5708 2666 5750 Metensetn
2689 5700 2922 5762 codicem,
2945 5705 3027 5766 qui
3045 5705 3209 5763 habet,
3231 5700 3451 5766 deserente
3465 5707 3524 5766 e9-

2296 5764 2316 5794 !
2348 5768 2476 5825 ιω,
2501 5775 2594 5813 non
2611 5770 2765 5815 erant.
2792 5753 3083 5828 Abes't,‘non,
3108 5753 3260 5817 sua;
3280 5771 3328 5814 ot
3341 5775 3367 5812 ε
3386 5757 3566 5826 plm‘iltus
3580 5753 3656 5799 ⁸⁵⁸
