3860 6396
82 390 156 448 ,2,
546 326 547 329 γ
1420 362 1608 420 usus

1721 361 1862 422 NUS.

84 519 161 573 est,
190 503 276 558 Pro
298 494 443 554 nihilo
466 493 622 549 salvos
646 492 801 563 facies
836 505 919 544 eos
950 487 1119 561 (Psal.
1150 500 1240 553 ιν,
1269 485 1323 556 8)
1354 501 1366 537 :
1398 483 1581 555 profe-

82 611 146 654 clo
161 599 249 666 ipsa
272 591 351 647 dat
376 587 574 650 merita,
602 598 709 637 non
738 581 945 636 meritis
966 580 1139 634 datur.
1165 578 1430 633 Prmvenit
1459 589 1587 646 ergo

84 693 204 746 etiam
240 684 400 745 fidem,
446 696 509 735 ex
552 692 647 749 qua
694 676 873 731 omnia
913 676 1053 729 bona
1099 687 1261 743 opera
1307 672 1583 742 incipiunt.

83 786 215 839 Justus
253 779 387 843 enim,
429 774 561 828 sicut
598 772 855 840 scriptum
898 777 999 833 est,
1049 784 1110 821 ex
1147 766 1249 835 fide
1290 766 1407 820 vivit
1448 763 1586 834 (Ha-

84 880 162 930 bac.
192 887 236 936 ιι,
267 869 335 939 4).
378 866 537 921 Porro
572 873 749 918 autem
796 861 964 933 gratia
1008 874 1112 915 non
1163 859 1332 914 solum
1375 857 1593 928 adjuvat

83 971 244 1037 justum,
262 973 426 1016 verum
456 958 613 1013 etiam
636 955 890 1026 justiﬁcat
917 952 1158 1023 impium.
1192 952 1258 1005 Et
1286 950 1405 1005 ideo
1430 949 1591 1004 etiam

84 1072 169 1110 cum
203 1052 383 1122 adjuvat
413 1047 635 1118 justum,
669 1052 723 1099 et
768 1042 981 1099 videtur
1021 1042 1136 1113 ejus
1176 1040 1381 1095 meritis
1416 1039 1586 1106 reddi,

85 1166 153 1204 nec
168 1148 226 1201 sic
250 1142 422 1199 desinit
448 1155 570 1195 esse
600 1138 770 1210 gratia
794 1153 808 1204 ;
836 1136 1088 1206 quoniam
1129 1133 1181 1188 id
1208 1134 1423 1203 adjuvat
1451 1132 1592 1202 quod

84 1247 164 1312 ipsa
194 1250 257 1294 est
283 1235 474 1307 largita.
527 1233 754 1301 PrOpter
792 1224 930 1284 hanc
974 1222 1155 1298 itaque
1197 1226 1441 1297 gratiam,
1476 1240 1594 1311 quae

87 1344 221 1391 cuncta
260 1331 382 1387 bona
428 1327 617 1383 merita
659 1325 890 1379 humana
936 1318 1214 1392 praecedit,
1262 1335 1370 1374 non
1418 1318 1590 1372 solum

90 1430 261 1485 Christus
283 1424 342 1479 ab
368 1420 544 1491 impiis
573 1419 785 1474 occisus
825 1424 931 1484 est,
960 1429 1149 1470 verum
1179 1413 1339 1470 etiam
1379 1428 1471 1483 pro
1498 1412 1593 1465 im-

98 1520 166 1589 piis
186 1524 352 1571 mortuus
397 1521 468 1567 est
494 1510 675 1583 (Rom.
708 1524 764 1575 v,
809 1506 887 1578 6).
922 1506 990 1561 Et
1027 1513 1313 1576 antequam
1357 1507 1596 1557 more‘re-

100 1623 167 1675 tur,
188 1625 259 1663 non
290 1607 463 1678 utique
489 1605 682 1674 justos,
728 1600 821 1657 Sed
845 1599 1217 1671 justiﬁcandos
1261 1598 1419 1668 elegit
1447 1598 1593 1665 Apo-

91 1702 215 1763 stolus,
251 1698 425 1769 quibus
462 1698 556 1762 ait,
601 1695 715 1766 Ego
742 1685 830 1747 oos
858 1692 921 1745 de
966 1690 1155 1746 mundo
1204 1690 1351 1761 elegi.
1394 1688 1597 1755 Quibus

86 1792 182 1846 enim
204 1790 330 1855 dixit,
362 1788 438 1842 De
479 1786 676 1841 mundo
720 1800 822 1838 non
859 1784 1011 1848 estis;
1057 1790 1111 1837 et
1155 1796 1220 1836 ne
1250 1790 1498 1851 putarent
1539 1795 1597 1835 se

84 1896 282 1953 nunquam
306 1881 460 1935 fuisse
497 1879 567 1935 de
596 1876 817 1943 tnundo,
861 1891 985 1931 mox
1023 1874 1246 1940 addidit,
1274 1874 1365 1929 sed
1398 1890 1486 1945 ego
1514 1889 1599 1928 vos

82 1977 123 2027 de
149 1975 299 2028 mundo
330 1972 452 2043 elegi
480 1989 498 2024 :
524 1969 768 2042 profecto
807 1977 863 2023 ut
892 1967 960 2023 de
1006 1966 1206 2022 mundo
1248 1981 1353 2020 non
1394 1973 1596 2032 essent,

80 2066 197 2134 ipsius
224 2065 267 2118 in
297 2079 384 2119 eos
422 2062 696 2119 electione
732 2061 983 2116 collatum
1010 2067 1112 2113 est.
1137 2058 1400 2124 Quocirca
1430 2058 1473 2111 si
1500 2053 1599 2128 pe’r

79 2171 183 2209 suam
198 2156 450 2224 justitiam,
482 2168 595 2209 non
622 2168 716 2222 per
739 2150 965 2222 gratiam
987 2151 1103 2219 ejus
1124 2150 1467 2219 eligerentur,
1494 2162 1599 2201 non

78 2246 124 2301 de
144 2246 302 2301 mundo
326 2246 476 2301 electi
507 2252 696 2300 essent
716 2262 728 2296 :
752 2234 1003 2312 quoniam
1035 2240 1103 2295 de
1134 2240 1333 2294 mundo
1354 2230 1463 2309 jam
1492 2253 1600 2291 non

78 2346 224 2403 essent,
261 2336 298 2391 si
318 2334 581 2407 jam'justi
612 2341 815 2388 essent.
849 2330 1048 2387 Deinde
1079 2330 1123 2384 si
1161 2337 1447 2399 propterea
1477 2318 1604 2382 sunt

78 2429 203 2496 electi,
233 2430 342 2500 quia
364 2430 473 2499 jam
506 2427 641 2499 justi
687 2433 868 2489 erant;
901 2424 1003 2493 ipsi
1028 2421 1238 2493 priores
1272 2426 1382 2490 jam
1424 2420 1605 2475 Domi-

80 2540 166 2578 num
203 2525 475 2595 elegerant.
518 2522 654 2588 Quis
697 2519 838 2575 enim
886 2524 1064 2588 potest
1103 2531 1221 2571 esse
1256 2516 1453 2584 justus,
1502 2512 1604 2568 nisi

82 2616 262 2686 eligendo
283 2614 581 2686 justitiam?
615 2612 761 2666 Finis
790 2620 957 2665 autem
987 2611 1113 2681 legis
1143 2610 1393 2675 Christus,
1426 2609 1493 2661 ad
1518 2609 1606 2674 fu-

80 2710 216 2762 stitiam
248 2708 374 2763 omni
410 2706 641 2762 credenti
680 2704 789 2776 (Id.
817 2720 873 2771 x,
904 2705 986 2772 4).
1029 2702 1129 2769 Qui
1156 2705 1321 2774 factus
1364 2712 1436 2756 est
1465 2701 1607 2756 nobis

79 2802 265 2866 upiartia
291 2820 319 2855 a
346 2801 469 2867 Deo,
500 2811 551 2855 et
588 2800 811 2871 justitia,
853 2807 903 2853 et
938 2798 1290 2867 sanctiﬁcatio,
1330 2807 1375 2851 et
1407 2797 1608 2852 redem-

81 2894 152 2960 ptio
172 2910 186 2947 :
203 2903 267 2961 ut,
287 2893 714 2964 quemadmodum
744 2891 986 2960 scriptum
1014 2897 1103 2953 est,
1130 2889 1231 2954 Qui
1257 2889 1523 2960 gloriatur,
1555 2890 1609 2942 in

80 2982 244 3037 Doniino
273 2984 510 3055 glorietur
546 2982 594 3050 (l
626 2980 746 3038 Cor.
775 2997 814 3048 ι,
844 2980 934 3047 50,
965 2980 1075 3050 31).
1108 2979 1224 3049 Ipse
1248 2987 1332 3034 est
1357 2995 1484 3052 ergo
1512 2993 1610 3034 no-

78 3083 152 3129 stra
165 3075 360 3145 justitia.

126 3166 314 3224 CAPUT
337 3166 480 3222 XXI.
499 3164 685 3220 -18.
727 3162 918 3217 Gratia:
940 3170 986 3217 et
1013 3162 1132 3230 ﬁdei
1153 3162 1287 3217 dono
1312 3162 1460 3217 etiam
1482 3163 1613 3217 anti—

75 3260 138 3327 qui
158 3271 253 3317 ante
268 3260 664 3315 incarnationem
684 3257 951 3327 jttstiﬁcati
982 3272 1118 3311 sunt.
1163 3258 1289 3312 Sine
1316 3257 1417 3325 ﬁde
1440 3258 1612 3311 nullus

79 3357 420 3427 utqttamjustus
446 3355 570 3426 fuit.
594 3352 749 3409 Unde
770 3360 823 3407 et
850 3352 1053 3422 antiqui
1071 3352 1199 3422 justi
1219 3361 1342 3406 ante
1364 3353 1613 3406 incarna-

80 3442 227 3500 tionem
256 3446 442 3513 ,νει-δί,
492 3447 549 3501 in
608 3444 707 3500 hac
751 3443 854 3499 fide
890 3443 1116 3510 Christi,
1167 3451 1221 3499 et
1268 3444 1320 3497 in
1363 3443 1463 3497 hac
1489 3459 1613 3499 vera

78 3534 248 3603 iustitia,
289 3538 428 3608 quod
472 3544 562 3593 est
605 3536 761 3591 nobis
807 3533 1076 3602 Christus,
1128 3535 1405 3604 justificati
1449 3545 1610 3602 sunt;

79 3622 151 3680 hoc
170 3628 424 3684 credentes
456 3628 695 3683 futurum
717 3626 858 3697 quod
886 3641 983 3681 nos
1005 3626 1271 3681 credimus
1296 3627 1491 3683 factum
1525 3648 1537 3683 :
1563 3636 1617 3684 et

79 3714 150 3784 ipsi
168 3720 315 3787 gratia
356 3719 487 3775 salvi
525 3718 655 3773 facti
684 3733 779 3787 per
806 3715 985 3782 ﬁdem,
1014 3732 1121 3772 non
1153 3733 1219 3772 ex
1251 3733 1309 3773 se
1340 3719 1489 3789 ipsis,
1521 3720 1615 3774 sed

80 3806 147 3863 Dei
168 3810 322 3876 dono;
368 3827 476 3867 non
524 3825 601 3865 ex
631 3809 903 3879 operibus,
950 3823 1018 3863 ne
1063 3808 1201 3863 forte
1230 3810 1616 3866 extollerentur

80 3898 247 3969 (Ephes.
276 3917 332 3969 ιι,
358 3905 410 3969 8,
439 3902 521 3973 9).
552 3903 699 3957 Bona
721 3901 917 3971 quippe
941 3916 1104 3972 opera
1132 3916 1316 3956 eorum
1346 3918 1449 3957 non
1472 3920 1612 3975 prte-

80 4002 285 4048 veneruut
316 3993 749 4050 misericordiam
771 3993 886 4057 Dei,
913 3992 1007 4047 sed
1033 3994 1313 4048 subsecuta
1341 4004 1481 4049 sunt.
1513 3995 1614 4065 Ipsi

79 4086 233 4155 quippe
270 4088 576 4152 audierunt,
620 4086 721 4156 ipsi
760 4087 1091 4156 scripserunt
1135 4087 1290 4158 longe
1332 4097 1615 4158 antequam

80 4178 274 4236 Christus
316 4184 554 4239 venisset
601 4182 654 4235 in
704 4195 902 4236 carne:
936 4180 1214 4235 Miserebor
1257 4182 1337 4234 cui
1387 4183 1618 4235 misertus

79 4286 157 4335 ero,
192 4283 229 4326 et
258 4273 651 4329 misericordiam
682 4272 929 4342 prtestabo
954 4272 1035 4325 cui
1064 4272 1350 4326 misericors
1378 4272 1542 4341 fuero.
1576 4272 1617 4327 E

80 4362 231 4429 quibus
256 4365 345 4421 Dei
372 4365 579 4429 verbis,
609 4372 756 4419 tanto
783 4372 904 4433 post
946 4364 1220 4433 apostolus
1250 4364 1444 4418 Paulus
1475 4363 1618 4419 dice-

80 4465 155 4516 ret,
179 4457 329 4529 Igitur
362 4476 461 4513 non
488 4458 699 4512 uolentis
726 4474 884 4528 neque
914 4457 1178 4524 currentis,
1208 4457 1297 4512 sed
1336 4457 1620 4512 miserentis

82 4557 135 4597 est
163 4546 240 4601 Dei
266 4550 453 4619 (Exod.
484 4565 679 4613 xxxnt,
712 4549 798 4615 19,
834 4557 879 4601 et
912 4549 1061 4602 Rom.
1090 4565 1164 4614 ix,
1201 4549 1291 4613 15,
1326 4548 1441 4618 l6).
1474 4549 1623 4620 Ipso-

82 4650 171 4691 rum
195 4642 338 4695 ctiam
374 4658 478 4696 vox
503 4650 590 4696 est
615 4641 772 4711 longe
801 4649 1086 4711 antequam
1112 4640 1360 4695 Christus
1386 4641 1621 4697 venisset

84 4724 122 4779 in
152 4746 324 4787 carne:
353 4733 494 4788 Deus
525 4749 688 4797 meus,
728 4734 1072 4787 misericordia
1111 4734 1219 4803 ejus
1248 4736 1513 4803 praeveniet
1544 4752 1621 4789 me

85 4816 216 4883 (Ptol.
238 4841 373 4891 Lvnt,
400 4824 511 4896 Η).
539 4825 819 4893 Quomodo
844 4834 1020 4879 autem
1060 4835 1281 4895 possent
1313 4827 1469 4882 alieni
1501 4843 1622 4885 esse

86 4923 105 4959 θ
128 4912 210 4967 title
230 4914 437 4981 Christi,
462 4932 690 4985 quorum
719 4916 980 4971 charitate
1005 4917 1165 4970 etiam
1194 4917 1347 4973 nobis
1376 4934 1624 4988 prtenun-

86 4999 209 5057 tiatus
230 5015 305 5062 est
322 5007 607 5073 Christus;
641 5007 756 5061 sine
799 5006 952 5075 cujus
981 5006 1085 5062 ﬁde
1114 5006 1393 5078 quisquam
1426 5017 1626 5064 morta-

86 5088 186 5147 lium
216 5112 304 5152 nec
327 5098 445 5164 fuit,
478 5114 577 5154 nec
600 5086 701 5164 est,
742 5113 843 5153 nec
868 5112 988 5152 esse
1013 5096 1297 5167 aliquando
1326 5100 1518 5167 poterit
1540 5100 1626 5169 ju-

86 5187 205 5241 stus?
238 5190 289 5245 Si
330 5207 457 5264 ergo
496 5193 606 5263 jam
633 5193 762 5262 justi
808 5192 839 5247 it
868 5191 1082 5247 Christo
1120 5192 1445 5262 eligerentur
1481 5195 1626 5263 Apo-

87 5278 201 5342 stoli,
219 5285 355 5351 prius
370 5286 520 5341 illum
544 5286 647 5357 ipsi
667 5284 973 5357 elegissent,
998 5291 1058 5338 ut
1074 5283 1202 5354 justi
1223 5284 1355 5355 eligi
1372 5294 1622 5355 possent;

88 5369 183 5435 Quia
204 5374 309 5431 sine
331 5376 419 5434 illo
450 5378 578 5449 justi
609 5392 727 5433 esse
768 5392 875 5433 non
900 5385 1140 5447 possent.
1178 5376 1285 5432 Sed
1315 5393 1419 5433 non
1450 5378 1519 5433 ita
1550 5378 1627 5432 fa-

89 5467 202 5517 ctum
227 5476 303 5521 est
330 5487 345 5523 :
374 5471 487 5540 ipse
520 5470 719 5541 quippe
748 5470 854 5524 illis
883 5470 976 5535 ait,
1019 5466 1142 5523 Non
1168 5484 1253 5523 vos
1284 5485 1363 5523 me
1388 5469 1622 5541 elegistis,

90 5554 159 5606 ted
181 5572 259 5627 ego
282 5577 362 5616 vos
385 5563 529 5634 elegi.
552 5562 708 5619 Unde
744 5562 873 5618 dicit
914 5562 1188 5633 apostolus
1216 5562 1469 5626 Joannes,
1504 5560 1627 5615 Non

90 5650 195 5711 quod
219 5652 521 5712 dilexerimus
549 5655 735 5723 Deum,
761 5658 849 5713 sed
872 5658 993 5729 quia
1025 5657 1134 5727 ipse
1161 5656 1301 5728 prior
1327 5656 1503 5711 dilexit
1534 5673 1625 5711 nos

94 5734 127 5804 (Ῐ
148 5740 279 5797 lacn.
306 5763 374 5814 tv,
400 5747 509 5822 10).

167 5831 371 5894 CAPUT
407 5838 568 5898 XXII.
599 5841 778 5898 -10.
817 5842 946 5897 Ante
985 5843 1164 5914 gratia:
1211 5841 1501 5898 electionem
1548 5842 1627 5896 in-

3129 356 3137 364 ’
3180 364 3298 430 est

1691 482 1823 553 justi
1862 471 2051 537 omnes.
2079 481 2231 550 Quod
2259 464 2379 536 cum
2426 483 2496 537 ita
2532 483 2623 550 sit,
2663 476 2783 554 quid
2812 494 2895 541 est
2920 477 3084 543 humo
3123 496 3283 546 utens

1698 573 1757 627 in
1783 572 1882 629 hac
1909 573 2014 627 vita
2049 573 2263 644 propria
2286 574 2580 638 voluntate,
2609 584 2891 646 antequam
2930 578 3091 649 eligat
3115 590 3171 637 et
3197 582 3283 636 di-

1699 662 1829 734 ligat
1873 665 2057 731 Deum,
2112 665 2211 719 nisi
2256 666 2485 735 injustus
2524 675 2578 721 et
2619 667 2848 737 impius?
2876 669 3015 736 Quid
3057 680 3159 738 est,
3207 674 3292 729 in~

1699 771 1881 826 quam,
1912 756 2073 811 homo
2100 757 2355 813 aberrans
2380 773 2409 813 a
2428 758 2685 815 Creatore
2713 768 2976 826 creatura,
3006 764 3106 818 nisi
3131 764 3297 822 Crea-

1702 859 1786 905 tor
1805 851 1920 921 ejus
1956 866 2161 907 memor
2190 852 2258 907 sit
2281 852 2398 923 ejus
2425 852 2598 926 (Psal.
2631 869 2743 921 vm,
2778 853 2856 927 5),
2890 865 2943 911 et
2986 856 3145 928 eligat
3169 874 3292 915 eum

1701 944 1888 1014 gratis,
1921 953 1975 999 et
2002 944 2186 1016 diligat
2219 946 2417 1017 gratis?
2442 946 2577 1012 Quia
2605 947 2719 1017 ipse
2748 963 2853 1002 non
2897 957 3074 1018 potest
3098 952 3295 1022 eligere

1702 1037 1790 1092 vel
1828 1036 2070 1107 diligere,
2117 1038 2219 1092 nisi
2260 1038 2405 1107 prius
2443 1040 2645 1094 electus
2688 1039 3025 1112 dilectusque
3054 1053 3292 1111 curetur,

1701 1132 1789 1203 qui
1825 1131 2064 1187 ecccitate
2109 1132 2349 1203 eligenda
2395 1149 2504 1187 non
2551 1134 2739 1199 cernit,
2787 1143 2841 1189 et
2884 1136 3140 1208 languore
3177 1138 3301 1194 dili-

1702 1223 1874 1293 genda
1907 1223 2122 1279 fastidit.
2152 1222 2255 1279 Sed
2288 1224 2423 1280 forte
2464 1226 2582 1295 quis
2622 1227 3111 1295 dicat:Quomodo
3151 1231 3295 1288 Deus

1703 1316 1850 1387 prius
1891 1317 2039 1386 eligit
2078 1326 2132 1372 et
2166 1318 2333 1389 diligit
2378 1320 2607 1389 iniquos,
2638 1321 2971 1390 utjustificet
3011 1339 3127 1391 eos,
3170 1340 3292 1381 cum

1704 1410 1959 1479 scriptum
1992 1410 2079 1474 sit,
2116 1410 2305 1489 Odistil
2334 1410 2569 1478 Domine,
2604 1421 2773 1469 omnes
2812 1396 3073 1486 operantes
3103 1418 3296 1490 iniqui-

1705 1509 1855 1555 tatem
1882 1499 2052 1573 (Psal.
2083 1517 2137 1568 ν,
2167 1501 2259 1572 7)?
2288 1502 2573 1571 Quomodo
2614 1513 2879 1575 putamus,
2928 1507 3029 1562 nisi
3073 1510 3211 1564 miro
3242 1520 3297 1565 et

1704 1593 1957 1649 ineffabili
1986 1593 2184 1648 modo?
2211 1594 2277 1648 Et
2300 1604 2473 1650 tamen
2498 1595 2656 1650 etiam
2682 1613 2779 1651 nos
2807 1613 3091 1667 possumus
3108 1601 3125 1631 ¹
3145 1600 3317 1670 cogi-'

1704 1686 1857 1750 tare,
1906 1683 2047 1753 quod
2094 1684 2330 1739 medicus
2367 1685 2539 1741 bonus
2575 1698 2830 1758 aegrotum
2883 1698 2937 1747 et
2982 1690 3095 1745 odit
3137 1700 3190 1746 et
3219 1691 3294 1746 di-

1705 1774 1855 1845 ligit:
1884 1774 1996 1829 odit
2033 1776 2199 1844 enim,
2255 1776 2377 1847 quia
2426 1787 2681 1848 aegrotat;
2738 1780 2928 1850 diligit,
2973 1790 3033 1836 ut
3084 1783 3274 1852 acgritu

1706 1869 1885 1924 dinem
1914 1869 2096 1938 pellat.

1778 1961 2005 2017 CAPUT
2050 1960 2313 2018 XXlll.—
2330 1962 2421 2018 20.
2467 1962 2731 2029 Quomodo
2770 1964 2990 2021 charitas
3029 1983 3159 2022 verte
3202 1985 3300 2040 pa-

1710 2054 1919 2122 tientiae,
1946 2057 2017 2108 ita
2040 2055 2294 2127 cupiditas
2326 2058 2441 2128 fons
2464 2057 2615 2112 mala:
2640 2059 2915 2128 patientiae.
2940 2059 3063 2115 Htec
3085 2072 3303 2132 propter

1710 2148 2026 2203 charitatem
2057 2149 2197 2204 dicta
2239 2151 2365 2217 sint,
2400 2151 2516 2206 sine
2545 2167 2646 2222 qua
2689 2153 2743 2207 in
2791 2155 2947 2209 nobis
2992 2170 3099 2210 non
3130 2165 3305 2227 potest

1710 2252 1830 2295 esse
1860 2255 1985 2295 vera
2016 2243 2309 2310 patientia:
2340 2242 2461 2313 quia
2501 2243 2554 2298 in
2598 2244 2753 2299 bonis
2792 2246 3025 2302 charitas
3067 2249 3160 2303 Dei
3200 2258 3304 2316 est,

1710 2349 1829 2402 quae
1859 2334 2051 2389 tolerat
2081 2337 2280 2403 omnia,
2326 2337 2464 2391 sicut
2508 2337 2562 2390 in
2612 2338 2768 2392 malis
2799 2340 2982 2393 mundi
3016 2340 3304 2410 cupiditas.

1712 2424 1819 2480 Sed
1848 2425 1963 2481 haec
1991 2426 2222 2482 Charitas
2252 2444 2348 2498 per
2380 2428 2637 2499 Spiritum
2666 2439 2907 2484 sanctum
2937 2440 3017 2486 est
3042 2432 3095 2486 in
3123 2433 3303 2503 nobis,

1712 2517 1801 2586 qui
1834 2517 1990 2572 datus
2020 2527 2101 2573 est
2135 2519 2306 2574 nobis.
2342 2519 2495 2575 Unde
2542 2535 2571 2574 a
2603 2535 2709 2589 quo
2743 2522 2896 2575 nobis
2937 2531 3019 2577 est
3048 2523 3305 2594 cbaritas,

1713 2608 1782 2663 ab
1812 2609 1905 2663 illo
1934 2618 2018 2663 est
2049 2610 2324 2679 patientia.
2359 2610 2536 2665 Mundi
2577 2619 2754 2666 autem
2782 2612 3065 2681 cupiditas,
3095 2616 3308 2685 quando

1712 2700 1979 2769 patienter
2020 2701 2245 2754 sustinet
2289 2715 2451 2755 onera
2491 2700 2774 2770 cujuslibet
2817 2703 3157 2771 calamitatis,
3200 2707 3309 2777 glo-

1714 2792 1883 2846 riatur
1904 2791 1970 2847 de
1994 2791 2198 2847 viribus
2220 2794 2451 2863 propria:
2481 2794 2789 2861 voluntatis,
2814 2802 3067 2866 tanquam
3094 2795 3162 2852 de
3192 2808 3312 2854 stu-

1716 2901 1845 2956 pore
1874 2886 2068 2951 morbi,
2096 2901 2202 2941 non
2225 2888 2291 2942 de
2316 2887 2507 2943 robore
2538 2888 2800 2943 sanitatis.
2832 2888 3055 2945 lnsana‘
3094 2900 3177 2946 est
3206 2891 3308 2947 ista

1716 2978 1960 3048 gloriatio
1985 2996 1998 3045 ;
2028 2995 2132 3035 non
2162 2989 2244 3035 cst
2268 2981 2559 3051 patientire,
2592 2980 2687 3035 sed
2709 2981 3013 3037 dementiae.
3042 2982 3305 3040 Voluntas

1718 3072 1819 3127 ista
1868 3082 2016 3127 tanto
2066 3072 2278 3127 videtur
2323 3072 2611 3143 patientior
2655 3073 2971 3129 acerborum
3020 3075 3305 3145 malorum,

1719 3174 1921 3235 quanto
1959 3176 2041 3220 est
2076 3166 2282 3221 avidior
2308 3166 2680 3237 temporalium
2708 3165 2993 3235 bonorum,
3035 3168 3157 3239 quia
3196 3168 3311 3225 ina-

1719 3256 1842 3310 nior
1868 3264 2213 3311 :eternorum.

1791 3348 2015 3405 CAPUT
2058 3348 2244 3404 XXIV.
2265 3347 2411 3404 -21
2427 3389 2440 3402 .
2494 3348 2808 3405 Voluntatem
2828 3352 3014 3407 malam
3040 3372 3145 3410 esse
3167 3372 3312 3426 posse

1720 3442 1873 3497 etiam
1924 3444 2032 3497 sine
2089 3443 2296 3514 spiritus
2343 3444 2467 3497 ntali
2506 3444 2842 3516 instigatione.
2900 3445 3052 3512 Quod
3096 3449 3141 3501 si
3194 3464 3313 3504 eam

1722 3536 1954 3607 exagitat
2001 3544 2054 3590 et
2104 3536 2401 3590 inflammat
2456 3535 2729 3590 fallacibus
2786 3537 2957 3592 visis3
3010 3547 3065 3593 et
3110 3541 3316 3595 suasio-

1722 3627 1879 3682 nibus
1931 3626 2220 3683 immundis
2276 3628 2572 3684 diabolicns
2638 3628 2900 3699 spiritus‘
2976 3638 3029 3685 et
3084 3631 3311 3703 maligna

1723 3720 2119 3790 conspiratione
2174 3720 2425 3786 sociatus,
2474 3719 2637 3775 efficit
2688 3720 2919 3775 hominis
2963 3721 3313 3788 voluntatem,

1723 3812 1808 3866 vel
1852 3826 2035 3867 errore
2080 3811 2401 3878 dementem,
2445 3812 2528 3867 vel
2567 3812 2803 3881 appetitu
2838 3812 3119 3881 cujuslibet
3162 3829 3316 3867 mun-

1725 3904 1878 3959 danae
1934 3904 2299 3959 delectationis
2357 3903 2629 3958 ardentem
2673 3921 2685 3956 :
2730 3918 2847 3973 qua:
2893 3918 3015 3959 cum
3070 3904 3317 3960 videtur“

1724 3997 2077 4055 intolerabilia
2117 3996 2433 4051 mirabiliter
2478 3996 2771 4061 sustinere,
2829 4010 2935 4050 non
2986 4003 3164 4050 tamen
3192 3997 3316 4051 ideo

1725 4094 1884 4149 etiam
1926 4091 2172 4145 voluntas
2210 4089 2347 4144 mala
2388 4090 2503 4144 sine
2552 4090 2891 4159 instigatione
2936 4087 3157 4145 alterius
3207 4090 3313 4145 im-

1726 4185 1909 4243 mundi
1955 4185 2190 4253 spiritus,
2239 4183 2377 4237 sicut
2426 4183 2673 4236 voluntas
2713 4183 2851 4236 bona
2895 4182 3011 4237 sine
3048 4183 3314 4253 adjutorio

1726 4278 1893 4334 sancti
1917 4275 2145 4346 Spiritus
2176 4290 2281 4330 non
2310 4282 2484 4345 potest
2512 4289 2653 4329 esse.
2698 4273 2828 4329 Nam
2871 4289 2990 4329 esse
3018 4290 3176 4343 posse
3205 4291 3309 4331 vo-

1726 4371 1983 4425 luntatem
2031 4358 2222 4423 malam
2262 4368 2419 4422 etiam
2472 4367 2586 4422 sine
2628 4367 2805 4439 aliquo
2856 4367 3045 4437 spiritu
3092 4368 3175 4423 vel
3226 4384 3312 4425 se-

1728 4463 1955 4519 ducente
1982 4461 2068 4517 vel
2096 4462 2369 4525 incitante,
2403 4460 2455 4515 in
2484 4460 2600 4531 ipso
2630 4459 2846 4537 diabolo
2892 4461 3021 4515 satis
3070 4461 3313 4516 ostendi-

1729 4564 1833 4618 tur,
1864 4554 1953 4623 qui
1980 4568 2073 4623 pcr
2094 4552 2294 4606 nullum
2326 4552 2486 4606 alium
2516 4550 2806 4617 diabolum,
2844 4551 2935 4607 sed
2968 4552 3175 4621 propria
3212 4568 3312 4606 vo-

1729 4645 1931 4700 luntate
2013 4644 2181 4699 factus
2239 4642 2480 4699 diabolus
2540 4630 2825 4697 invenitur.
2890 4642 3147 4698 Voluntas
3215 4643 3318 4698 ita-

1729 4754 1834 4809 que
1897 4737 2036 4792 mala
2089 4738 2200 4793 sive
2250 4736 2538 4807 cupiditate
2602 4737 2881 4806 rapiatur,
2945 4735 3060 4790 sive
3120 4737 3314 4795 timore

1730 4840 2043 4898 revocetur,
2096 4832 2207 4885 sive
2277 4829 2461 4884 ltetitia
2526 4827 2889 4907 diffundatur,
2960 4828 3077 4884 sive
3136 4814 3317 4887 'tristi-

1732 4925 1802 4978 tia
1841 4924 2204 4990 contrahatur,
2236 4931 2394 4991 atque
2430 4922 2484 4975 in
2539 4920 2622 4974 his
2662 4922 2908 4976 omnibus
2958 4924 3319 4993 perturbatio-

1731 5018 1888 5072 nibus
1929 5016 2091 5070 animi
2134 5028 2481 5084 quaecumque
2519 5021 2643 5067 sunt
2686 5014 2803 5067 aliis
2848 5014 2933 5069 vel
2975 5015 3079 5070 alio
3118 5024 3318 5087 tempo.

1731 5108 1823 5164 re8
1860 5107 2102 5178 graviora
2140 5113 2448 5161 contemnat
2501 5113 2555 5160 et
2600 5104 2863 5175 perferat;
2892 5116 3070 5176 potest
3106 5118 3160 5165 et
3202 5110 3318 5164 sine

1799 5286 1812 5318 ¹
1851 5292 1917 5337 tta
1935 5285 2031 5335 duo
2053 5282 2263 5333 Vaticani
2285 5288 2392 5333 Mss.
2418 5281 2506 5332 Alii
2521 5294 2641 5334 vero
2662 5280 2890 5347 plerique
2911 5296 3022 5334 cum
3045 5285 3205 5345 editis,
3230 5297 3323 5334 non

1799 5360 1999 5399 sstmtus.

1799 5414 1819 5443 ³
1852 5412 1925 5461 sic
1944 5418 2051 5460 MSS.
2076 5414 2133 5458 At
2155 5407 2291 5467 editi,
2320 5405 2532 5459 Insania.

1798 5474 1820 5505 ³
1852 5472 2019 5522 Plures
2032 5478 2163 5529 Mss,
2187 5465 2380 5533 risibus.
2400 5476 2449 5519 tn
2473 5468 2707 5533 persimili
2729 5467 2837 5519 loco
2860 5465 2971 5533 libri
2988 5466 3051 5514 de
3067 5467 3324 5533 Continen-

1733 5537 1818 5596 tia,
1842 5546 1948 5599 cap.
1971 5535 2020 5608 ἐξ,
2046 5528 2160 5611 ης),
2187 5531 2368 5595 legitur
2392 5548 2407 5585 :
2438 5528 2701 5605 «Quisquis
2717 5533 2767 5579 in
2790 5528 3322 5611 cordenoc‘c‘ugentibus

1741 5617 1765 5646 ιι
1787 5596 2185 5708 suggestionibus
2208 5608 2513 5705 quorumgue
2536 5596 2845 5666 visorum?"
2873 5596 3135 5659 consensit.
3156 5605 3179 5633 ι

1798 5661 1820 5691 δ
1857 5670 1887 5708 Α
1912 5661 2190 5724 iquotMss.,
2214 5670 2395 5724 nummi
2438 5671 2491 5706 us
2514 5661 2559 5724 et
2584 5652 3084 5724 dutboltcusspmtus.
3121 5655 3175 5699 Et
3207 5662 3321 5701 mox

1734 5711 2081 5788 Vaticani‘duo,
2099 5718 2148 5770 ei
2163 5711 2377 5782 maligna

1799 5771 1926 5847 liqsic
1947 5771 2111 5847 proba:
2136 5788 2262 5830 notae
2416 5786 2470 5847 At
2495 5771 2627 5837 editi,
2654 5785 2965 5838 quaecumque
2980 5771 3223 5826 videntur.

1802 5848 1823 5879 ο
1857 5842 2082 5908 Plerique
2103 5851 2231 5905 uss,
2256 5842 2328 5892 vel
2344 5854 2399 5892 eo
2421 5846 2646 5901 tempore.
