3860 6284
530 291 649 352 615

530 408 753 467 alterius
792 403 1011 478 spiritus
1051 399 1308 460 instinctu
1349 411 1410 455 se
1456 398 1569 470 ipsa
1610 396 1888 463 seducere,
1929 403 1982 451 et
2032 393 2126 450 de-

533 503 675 559 fectu
709 516 741 555 a
780 496 1147 569 superioribus
1206 493 1261 548 in
1291 490 1543 547 inferiora
1602 487 1877 559 lapsando,
1928 494 2130 558 quanto

531 592 818 665 jucundius
863 587 1242 653 testimaverit,
1288 583 1430 656 quod
1479 581 1702 653 adipisci
1755 580 1988 652 appetit,
2044 579 2129 635 vel

531 685 781 740 amittere
818 682 1029 744 metuit,
1066 679 1152 734 vel
1189 676 1441 746 adeptum
1483 673 1698 745 gaudet,
1738 674 1825 729 vel
1870 672 2127 727 amissum

532 775 701 839 dolet,
731 780 878 829 tanto
909 768 1242 827 tolerabilius
1264 781 1362 838 pro
1385 780 1452 820 eo
1479 764 1618 821 ferre
1647 763 1791 835 quod
1818 762 1918 818 sibi
1949 762 2128 819 minus

533 876 619 924 est
646 865 714 920 ad
742 862 1070 935 patiendum,
1102 872 1259 929 quam
1287 856 1415 912 illud
1436 855 1503 911 ad
1529 853 1831 910 fruendum.
1859 852 2128 925 Quidquid

533 960 681 1015 enim
708 956 835 1011 illud
880 963 983 1018 est,
1026 967 1093 1007 ex
1120 957 1364 1005 creatura
1405 956 1508 1014 est,
1541 947 1694 1016 cujus
1734 955 1859 1000 nota
1887 945 2129 1015 voluptas

536 1048 683 1105 est‘.
720 1044 961 1115 Quodam
1001 1040 1162 1097 modo
1204 1039 1349 1095 enim
1385 1037 1631 1092 familiari
1675 1044 1925 1092 contactu
1971 1044 2130 1106 atque

530 1156 781 1200 connexa
822 1138 891 1195 ad
941 1134 1322 1207 experiendam
1372 1133 1490 1203 ejus
1544 1129 1861 1186 suavitatem
1920 1127 2130 1199 adjacet

530 1234 732 1291 amanti
761 1240 1024 1288 creatura:
1051 1236 1226 1283 amata
1255 1234 1521 1282 creatura.

602 1324 830 1384 CAPUT
869 1321 1036 1379 XXV.
1064 1349 1137 1361 --
1161 1318 1253 1374 22.
1293 1317 1441 1372 Bona
1486 1316 1718 1371 voluntas
1761 1330 1863 1369 non
1910 1313 2007 1369 nisi
2062 1328 2128 1369 ex

534 1419 672 1476 Deo.
704 1417 962 1486 Voluptas
983 1421 1161 1469 autem
1191 1409 1484 1476 Creatoris,
1514 1408 1584 1464 de
1602 1423 1707 1478 qua
1736 1406 1993 1476 scriptum
2021 1415 2125 1472 est,

532 1510 606 1566 Et
634 1517 858 1565 torrente
890 1504 1165 1577 voluptatis
1191 1512 1292 1557 tute
1319 1499 1515 1572 potabis
1544 1515 1628 1554 eos
1650 1498 1821 1569 (Psal.
1855 1513 2022 1565 xxxv,
2045 1495 2125 1571 9),

532 1602 693 1672 longe
731 1598 951 1654 alterius
997 1596 1210 1667 generis
1253 1601 1337 1649 est
1366 1610 1380 1646 :
1412 1606 1588 1661 neque
1624 1590 1790 1656 enim,
1832 1590 1970 1646 sicut
2005 1604 2125 1655 nos,

531 1700 779 1747 creatura
812 1695 915 1744 est.
946 1685 1059 1741 Nisi
1101 1698 1230 1756 ergo
1263 1696 1416 1739 amor
1442 1681 1559 1752 ejus
1593 1679 1749 1735 detur
1786 1679 1909 1735 inde
1950 1679 2125 1745 nobis,

532 1797 643 1841 non
664 1780 909 1838 estunde
938 1792 1058 1835 esse
1092 1776 1259 1848 possit
1288 1775 1342 1830 in
1373 1774 1547 1831 nobis.
1581 1774 1659 1829 Ac
1686 1788 1785 1845 per
1814 1773 1916 1828 hoc
1935 1773 2128 1829 volun-

532 1887 619 1933 tas
661 1876 823 1942 bona,
864 1888 967 1944 qua
996 1871 1232 1942 diligitur
1272 1870 1434 1937 Deus,
1472 1869 1525 1923 in
1557 1868 1776 1924 homine
1818 1884 1923 1924 non
1951 1878 2129 1938 potest

531 1986 674 2036 esse,
709 1968 810 2023 nisi
840 1967 892 2022 in
928 1980 1033 2037 quo
1064 1965 1203 2020 Deus
1236 1970 1492 2034 operatur
1522 1969 1579 2018 et
1604 1960 1742 2017 velle
1769 1959 2027 2033 (Philipp.
2064 1977 2124 2030 ιι,

534 2064 650 2135 15).
686 2061 810 2117 Haec
839 2060 997 2131 igitur
1026 2058 1275 2113 voluntas
1316 2056 1477 2122 bona,
1511 2054 1564 2110 id
1609 2063 1713 2122 est,
1743 2055 1988 2109 voluntas
2016 2056 2128 2111 Deo

535 2154 767 2211 ﬁdeliter
802 2151 1037 2216 subdita,
1087 2150 1333 2203 voluntas
1369 2146 1652 2203 sanctitate
1673 2146 1889 2215 superni
1920 2145 2129 2201 ardoris

530 2262 779 2313 accensa,
807 2246 1052 2301 voluntas
1074 2258 1194 2314 quae
1227 2241 1396 2313 diligit
1421 2241 1588 2296 Deum
1605 2248 1660 2295 et
1683 2240 1981 2310 proximum
2005 2255 2130 2311 pro-

532 2350 652 2411 pter
678 2340 879 2401 Deum;
911 2338 1023 2390 sive
1066 2348 1268 2398 amore,
1308 2332 1376 2388 de
1421 2347 1526 2402 quo
1546 2330 1836 2400 respondet
1854 2330 2128 2402 apostolus

532 2431 745 2495 Petrus,
776 2428 1012 2492 Domine,
1057 2436 1111 2480 tu
1148 2426 1245 2480 scis
1274 2425 1392 2496 quia
1430 2440 1545 2477 unto
1573 2433 1621 2477 te
1640 2422 1823 2494 (Joan.
1849 2439 1968 2492 XXI,
1998 2423 2123 2496 l5);

533 2523 649 2579 sive
675 2522 883 2587 timore,
910 2517 979 2575 de
1006 2531 1112 2588 quo
1141 2517 1268 2572 dicit
1294 2515 1570 2586 apostolus
1612 2514 1828 2579 Paulus,
1857 2516 1912 2569 in
1953 2515 2131 2571 timore

533 2624 583 2669 et
616 2623 827 2668 tremore
873 2620 1089 2666 vestram
1126 2609 1357 2680 ipsorum
1393 2607 1609 2661 salutent
1653 2606 1936 2674 operamini
1973 2605 2131 2679 (Phi-

535 2707 664 2778 lipp.
692 2721 750 2770 n,
778 2701 865 2776 12)
886 2718 902 2768 ;
926 2703 1038 2757 sive
1063 2700 1274 2773 gaudio,
1299 2699 1367 2755 de
1392 2714 1499 2771 quo
1519 2699 1670 2766 dicit,
1701 2700 1810 2771 Spe
1826 2700 2124 2772 gaudentes,

532 2796 589 2851 in
615 2794 938 2850 tribulatione
966 2791 1212 2860 patientes
1237 2788 1414 2855 (Rom.
1449 2804 1544 2852 xu,
1572 2788 1703 2861 12);
1737 2790 1851 2844 sive
1890 2790 2123 2855 tristitia,

532 2887 746 2957 qualem
791 2900 849 2940 se
887 2883 1018 2937 dicit
1045 2895 1290 2951 magnam
1335 2878 1585 2934 habuisse
1614 2893 1713 2950 pro
1736 2878 1989 2933 fratribus
2017 2878 2129 2934 suis

541 2978 653 3051 (Id.
686 2995 758 3043 ix,
786 2978 843 3047 Ξ)
882 2993 897 3029 :
928 2987 1280 3045 qumcutnque
1322 2986 1504 3026 amara
1555 2980 1610 3025 et
1650 2984 1837 3041 aspera
1886 2970 2127 3037 suﬁ‘erat,

533 3069 770 3126 charitas
811 3066 904 3121 Dei
950 3074 1054 3130 est,
1082 3078 1203 3133 quae
1232 3061 1411 3117 omnia
1455 3060 1647 3117 tolerat
1682 3060 1727 3133 (l
1759 3059 1877 3116 Cor.
1906 3076 2023 3125 xm,
2050 3060 2128 3132 7),

533 3178 656 3234 qua:
686 3175 789 3215 non
819 3156 1131 3213 diminditur
1161 3155 1214 3209 in
1236 3153 1486 3209 cordibus
1516 3152 1734 3219 nostris,
1766 3152 1867 3208 nisi
1892 3168 1990 3224 per
2010 3152 2132 3224 Spi-

450 3294 455 3295 κ
534 3256 699 3311 ritum
727 3262 967 3308 sanetum
997 3251 1085 3320 qui
1113 3249 1269 3305 datus
1288 3257 1374 3304 est
1401 3246 1557 3303 nobis
1582 3247 1758 3317 (Rom.
1789 3264 1844 3314 v,
1878 3245 1957 3320 5).

606 3345 834 3399 CAPUT
884 3342 1077 3398 XXVI.
1114 3372 1186 3382 —
1223 3339 1439 3395 Piorum
1489 3340 1733 3410 patientia
1775 3339 1872 3394 Dei
1918 3341 2127 3397 donum.

538 3437 996 3495 Schisntaticorunt
1041 3434 1287 3505 patientia
1341 3449 1433 3502 pro
1478 3432 1681 3487 Christo
1732 3448 1800 3485 an
1847 3433 2127 3489 laudanda.

538 3530 692 3587 Unde
737 3542 1070 3598 nequaquam
1120 3526 1398 3582 dubitante
1452 3524 1669 3593 pietate,
1715 3523 1853 3579 sicut
1900 3525 2131 3581 charitas

462 3648 469 3655 -
536 3631 725 3679 sancte
759 3618 1071 3681 amantium,
1118 3616 1191 3670 ita
1237 3615 1494 3685 patientia
1534 3615 1621 3684 pie
1664 3615 2005 3669 tolerantinm
2036 3616 2131 3672 Dei

536 3714 739 3771 donum
779 3722 885 3767 est.
926 3710 1110 3780 Neque
1151 3710 1294 3763 enim
1334 3707 1519 3762 divina
1560 3707 1833 3778 Scriptura
1872 3708 2006 3763 fallit
2042 3717 2135 3765 aut

538 3807 758 3871 fallitur,
792 3819 910 3875 qua:
938 3818 1045 3858 non
1076 3802 1251 3858 solum
1276 3801 1329 3856 in
1350 3801 1620 3857 veteribus
1646 3800 1819 3857 Libris
1847 3801 2009 3858 habet
2029 3802 2130 3859 hu-

535 3901 625 3972 jus
664 3898 742 3955 rei
770 3896 1089 3960 testimonia,
1118 3910 1242 3951 cum
1276 3895 1388 3950 Deo
1413 3893 1628 3961 dicitur,
1660 3893 1917 3949 Patientia
1942 3913 2053 3951 mea
2078 3906 2133 3952 tu

538 4008 592 4046 es
636 3990 807 4061 (Psnl.
864 4003 968 4042 Lxx
1024 3988 1115 4058 5);
1174 3994 1258 4051 et,
1316 3985 1391 4039 Ab
1441 3986 1553 4056 ipso
1610 3994 1685 4040 est
1736 3987 1979 4056 patientia
2022 4005 2133 4044 mea

539 4083 714 4151 (Psal.
754 4098 861 4148 in,
895 4079 949 4150 6)
975 4097 990 4139 :
1020 4089 1072 4134 et
1099 4078 1189 4134 ubi
1232 4078 1367 4133 alius
1394 4077 1653 4148 propheta
1697 4077 1849 4145 dicit,
1889 4081 2133 4150 accipere

539 4189 642 4231 nos
662 4172 916 4244 Spiritum
943 4169 1270 4225 fortitudinis
1302 4185 1315 4222 :
1348 4184 1533 4224 verum
1564 4170 1724 4225 etiam
1748 4169 1800 4223 in
1827 4172 2133 4241 apostolicis

538 4264 759 4323 Litteris
802 4263 1012 4333 legitur,
1058 4261 1192 4329 Quia
1227 4259 1365 4314 vobis
1401 4260 1646 4315 donatum
1681 4269 1758 4314 est
1787 4276 1881 4331 pro
1909 4260 2130 4329 Christo,

539 4373 643 4411 non
678 4357 843 4410 solum
872 4364 928 4407 ut
965 4353 1182 4407 credatis
1223 4352 1275 4405 in
1301 4368 1435 4416 eum,
1473 4351 1562 4407 sed
1602 4360 1658 4405 ut
1692 4352 1843 4406 etiam
1868 4354 2134 4422 patiamini

540 4459 748 4521 prapter
774 4463 888 4502 eum
916 4444 1173 4518 (Philipp.
1213 4458 1252 4509 ι,
1283 4443 1400 4512 29).
1428 4442 1544 4498 Non
1579 4458 1707 4512 ergo
1735 4443 1887 4513 quasi
1909 4444 1976 4499 de
2005 4459 2132 4515 pro-

538 4543 659 4613 prio
684 4539 840 4595 faciat
865 4536 1101 4593 animum
1128 4534 1327 4590 elatum
1354 4532 1497 4604 quod
1537 4532 1639 4587 sibi
1679 4532 1832 4587 audit
1872 4548 1994 4590 esse
2031 4534 2133 4591 do-

538 4642 743 4691 natum.

614 4726 728 4779 25..
745 4723 804 4779 Si
851 4723 972 4792 quis
1016 4726 1193 4774 autem
1240 4730 1348 4773 non
1386 4714 1589 4772 habens
1630 4714 1969 4781 charitatem,
2014 4731 2135 4787 quae

542 4817 775 4890 pertinet
799 4815 863 4868 ad
891 4813 1148 4868 unitatem
1189 4810 1409 4880 spiritus
1446 4816 1502 4863 et
1537 4805 1809 4862 vinculum
1834 4806 2002 4877 pacis,
2029 4823 2135 4879 quo

543 4904 804 4964 catholica
842 4902 1081 4959 Ecclesia
1123 4909 1443 4972 congregata
1471 4897 1824 4964 connectitur,
1868 4898 1922 4953 in
1954 4898 2135 4969 aliquo

543 4998 832 5055 schismate
876 4994 1216 5057 constitutus,
1269 5008 1338 5049 ne
1389 4990 1662 5047 Christum
1709 5000 1887 5063 neget,
1938 4992 2136 5062 patitur

542 5087 943 5150 tribulationes,
966 5083 1258 5154 angustias,
1290 5081 1508 5147 famem,
1537 5081 1854 5151 nuditatem,
1882 5096 2132 5154 persecu-

543 5182 768 5241 tionem,
811 5174 1062 5251 pericula,
1106 5187 1370 5239 carceres,
1422 5173 1654 5241 vincula,
1685 5180 1975 5242 tormenta,
2015 5173 2133 5245 gla-

543 5275 716 5338 dium,
755 5271 838 5325 vel
874 5269 1149 5334 llammas,
1180 5265 1265 5321 vel
1295 5263 1529 5331 bestias,
1571 5265 1659 5321 vel
1698 5265 1868 5336 ipsam
1918 5280 2132 5321 crucem

545 5370 741 5425 timore
766 5362 1155 5435 gehennarnm,
1182 5367 1238 5414 et
1262 5358 1398 5430 ignis
1427 5357 1649 5422 aeterni;
1676 5357 1822 5414 nullo
1846 5356 2007 5413 modo
2033 5357 2134 5414 ista

543 5456 807 5531 culpanda
848 5463 993 5519 sunt,
1028 5452 1135 5507 imo
1168 5465 1296 5506 vero
1331 5457 1386 5505 et
1425 5449 1541 5504 hmo
1587 5449 1850 5505 laudanda
1882 5449 2137 5519 patientia

545 5560 650 5608 est.
686 5548 801 5604 Non
833 5546 974 5601 enim
1015 5543 1195 5599 dicere
1234 5540 1550 5610 poterimus,
1581 5541 1773 5598 melius
1800 5541 1849 5596 ei
1886 5540 2050 5597 fuisse
2079 5551 2138 5597 ut

547 5640 822 5697 Christum
852 5634 1099 5706 negando
1116 5632 1247 5689 nihil
1271 5646 1457 5692 eorum
1484 5639 1781 5702 pateretur,
1807 5647 1926 5705 qua:
1948 5646 2137 5692 passus

618 5774 635 5805 ι
668 5771 806 5828 Editi.
823 5767 1034 5821 voluntas
1056 5771 1141 5819 est.
1168 5768 1339 5823 verius
1358 5772 1488 5829 Mss,
1509 5765 1721 5831 voluptas
1744 5776 1831 5820 est.

1426 280 1515 339 DE
1555 276 1941 345 PATlENTlA.
1982 278 2043 334 S.
2081 273 2455 335 AUGUSTlNl
2492 273 2699 332 LIBER
2736 271 2941 331 UNUS.
3677 284 3763 346 su

2238 398 2322 449 est
2344 390 2675 458 conﬁtendo;
2708 388 2801 447 sed
2825 388 3236 446 existimandum
3263 398 3354 447 est
3374 388 3589 449 fortasse
3608 395 3761 455 tolera-

2236 483 2398 540 bilius
2438 484 2489 539 ei
2527 482 2766 539 futurum
2800 482 3079 553 judicium,
3118 498 3278 554 qnam
3319 484 3366 539 si
3405 484 3649 545 Christum
3686 508 3758 550 ne-

2236 577 2411 648 gando
2446 585 2635 632 cuncta
2664 577 2754 632 illa
2788 566 3023 632 vitaret:
3053 586 3109 631 ut
3136 576 3266 633 illud
3298 578 3443 648 quod
3480 580 3550 635 ait
3581 586 3761 653 Aposto.

2238 670 2342 738 lus,
2373 669 2435 726 Si
2464 669 2721 724 tradidero
2754 685 2939 739 corpus
2965 685 3131 723 meum
3170 678 3225 724 ut
3263 669 3495 738 ardeam,
3523 672 3763 734 charitaten

2236 774 2403 819 autem
2430 780 2531 818 non
2560 763 2788 829 habeant,
2815 762 2946 817 nihil
2976 763 3101 817 mihi
3128 762 3336 834 prodest
3375 762 3419 836 (l
3443 764 3554 819 Cor.
3579 783 3677 833 xm,
3694 771 3760 837 3);

2235 855 2369 912 nihil
2404 855 2662 927 prodesse
2700 854 3025 925 intelligatur
3054 854 3122 909 ad
3147 870 3374 927 regnum
3404 856 3642 913 caelorum
3666 861 3766 919 obu.

2235 948 2492 1016 nendum,
2522 963 2631 1004 non
2657 947 2725 1004 ad
2765 947 2993 1006 extremi
3027 946 3214 1019 judicil
3240 948 3573 1006 tolerabilius
3609 954 3767 1024 suppli-

2235 1044 2374 1099 cium
2404 1042 2760 1099 subeundum.

2305 1134 2532 1191 CAPUT
2569 1135 2784 1191 XXVII.
2812 1166 2885 1176 --
2916 1135 3009 1193 24.
3038 1135 3120 1191 An
3155 1136 3263 1191 hac
3290 1152 3471 1191 eorum
3499 1137 3705 1206 patientia
3724 1141 3769 1194 sit

2233 1222 2333 1279 Dei
2356 1226 2564 1281 donum.
2590 1226 2695 1282 Sed
2720 1227 2911 1282 merito
2935 1227 3101 1295 quaeri
3128 1235 3309 1296 potest
3333 1236 3511 1281 utrum
3538 1235 3587 1283 et
3607 1229 3686 1283 ista
3705 1245 3769 1300 pa-

2233 1316 2417 1372 tientia
2446 1316 2644 1373 donum
2676 1318 2767 1374 Dei
2798 1320 2888 1386 sit,
2919 1333 2986 1374 an
3011 1317 3213 1375 viribus
3242 1319 3524 1375 tribuenda
3548 1321 3610 1375 sit
3628 1323 3769 1378 volun-

2234 1407 2358 1463 tatis
2383 1407 2651 1479 humanae,
2672 1425 2776 1481 qua
2799 1411 3024 1482 quisque
3047 1410 3115 1466 ab
3135 1411 3380 1467 Ecclesia
3406 1424 3675 1483 separatus,
3693 1432 3767 1473 non

2234 1514 2332 1570 pro
2356 1515 2542 1559 errore
2568 1502 2659 1573 qui
2687 1517 2810 1558 eum
2836 1503 3121 1575 separavit,
3152 1503 3248 1560 sed
3278 1519 3379 1575 pro
3400 1506 3613 1579 veritate
3632 1523 3767 1563 sacra-

2234 1593 2401 1647 menti
2443 1608 2538 1648 seu
2584 1594 2732 1650 verbi
2778 1610 2898 1666 qua:
2940 1594 3080 1667 apud
3127 1611 3252 1653 eum
3303 1598 3589 1665 remansit,
3628 1599 3768 1657 timore

2232 1696 2513 1754 ptenarnm
2541 1694 2860 1742 aeternorum
2900 1702 3088 1758 plenas
3114 1688 3317 1757 patitur
3346 1689 3663 1759 temporales.
3692 1690 3766 1745 Ca-

2233 1774 2464 1830 vendum
2486 1784 2569 1831 est
2591 1776 2733 1832 enim
2758 1793 2826 1834 ne
2851 1778 3010 1845 forte,
3032 1779 3080 1834 si
3100 1780 3197 1835 Dei
3217 1778 3426 1836 donum
3448 1780 3594 1836 istam
3616 1781 3767 1851 patiea-
3818 1848 3819 1855 γ

2235 1868 2361 1923 tiam
2384 1868 2697 1938 dixerimus,
2724 1871 2780 1926 hi
2806 1872 2999 1943 quibus
3023 1872 3177 1939 inest,
3206 1873 3375 1929 etiam
3400 1872 3468 1930 ad
3492 1890 3684 1945 regnum
3700 1876 3763 1931 Dei

2235 1959 2507 2029 pertinere
2533 1961 2818 2018 credantur
2846 1981 2860 2018 ε
2892 1965 2938 2019 si
2964 1973 3141 2020 autem
3171 1965 3324 2021 illam
3361 1964 3555 2020 donum
3581 1966 3661 2022 Dei
3680 1981 3765 2024 esss

2234 2052 2607 2121 negaverimus
2626 2095 2642 2122 ,
2673 2069 2929 2127 cogamur
2966 2054 3148 2124 fateri,
3180 2057 3302 2113 sine
3331 2056 3589 2127 adjutorio
3612 2067 3657 2113 et
3676 2073 3761 2113 mu-
3818 2046 3819 2081 ῖ

2233 2158 2363 2200 nere
2386 2144 2481 2200 Dei
2505 2145 2558 2201 in
2586 2147 2859 2204 voluntate
2880 2146 3111 2203 hominis
3133 2163 3258 2205 esse
3283 2162 3445 2220 posse
3467 2148 3642 2219 aliquid
3657 2148 3760 2204 boni.
3818 2184 3819 2219 ξ

2232 2235 2418 2308 Neque
2463 2238 2605 2294 enim
2649 2240 2753 2296 hoc
2797 2256 2905 2297 non
2950 2249 3035 2297 est
3078 2241 3320 2309 bonum,
3360 2252 3420 2297 ut
3455 2240 3623 2299 credat
3645 2241 3760 2297 homo
3818 2240 3819 2309 ᾖ

2234 2339 2438 2387 aeterno
2483 2331 2745 2403 supplicio
2785 2346 2845 2389 se
2891 2348 3012 2390 esse
3052 2334 3419 2405 puniendum,
3470 2335 3511 2389 si
3553 2334 3761 2403 negaverit

2234 2422 2538 2491 Christum,
2581 2434 2636 2481 et
2679 2441 2776 2496 pro
2815 2426 2916 2482 ista
2956 2427 3061 2484 ﬁde
3089 2429 3483 2500 qualecumque
3507 2427 3755 2500 supplicium

2234 2514 2469 2585 perferat
2496 2525 2551 2572 et
2578 2527 2886 2574 contemnat
2910 2518 3222 2576 humanum.

2304 2606 2395 2663 25.
2415 2607 2646 2666 Proinde
2666 2610 2805 2665 sicut
2824 2612 3124 2683 negandum
3144 2628 3253 2669 non
3270 2623 3355 2670 est
3374 2613 3475 2670 hoc
3489 2627 3598 2670 esse
3612 2611 3752 2668 donum

2236 2699 2353 2766 Dei,
2386 2701 2456 2756 ita
2484 2702 2883 2775 intelligendum
2911 2714 2994 2762 est
3018 2707 3120 2762 alia
3150 2722 3276 2764 esse
3303 2707 3401 2764 Dei
3426 2707 3557 2764 dona
3587 2707 3754 2762 ﬁliorum

2237 2791 2379 2849 illius
2398 2794 2715 2865 Jerusalem,
2743 2814 2863 2867 qua:
2885 2815 3097 2855 sursum
3118 2801 3289 2858 libera
3316 2810 3400 2858 est
3427 2812 3586 2858 mater
3605 2810 3747 2857 nostra.

2306 2886 2533 2943 CAPUT
2578 2886 2814 2944 XXVII].
2841 2920 2913 2930 —
2938 2890 3089 2946 Dona
3116 2892 3347 2962 ﬁliorum
3374 2894 3609 2948 [heredum
3636 2900 3672 2947 et
3691 2892 3751 2945 do-

2235 2991 2303 3029 na
2343 2978 2571 3047 ﬁliorum
2616 2980 3052 3036 exhwredatorum
3080 2983 3300 3039 diversa.
3340 2984 3488 3056 (Haec
3521 2991 3627 3039 sunt
3651 2985 3748 3038 enim

2236 3070 2464 3138 quodam
2494 3071 2655 3127 modo
2682 3071 3051 3143 litereditaria,
3084 3075 3137 3130 in
3166 3076 3366 3147 quibus
3392 3091 3568 3133 sumus
3591 3075 3748 3131 heredes

2234 3157 2353 3227 Dei,
2382 3160 2668 3217 cohazredes
2695 3172 2861 3218 autem
2889 3164 3139 3237 Christi);
3170 3167 3279 3223 alia
3307 3182 3433 3223 vero
3459 3182 3568 3238 qua:
3588 3169 3749 3237 possunt

2235 3252 2479 3323 accipere
2505 3254 2665 3309 etiam
2696 3255 2790 3311 filii
2817 3257 3257 3325 concubinarum,
3290 3260 3478 3332 quibus
3503 3259 3645 3316 Judtei
3667 3272 3748 3313 car-

2236 3346 2387 3402 nales
2410 3356 2465 3402 et
2484 3348 2809 3406 schismatici
2833 3352 2917 3406 vel
2946 3350 3180 3408 haeretici
3206 3363 3585 3425 comparantur.
3608 3351 3747 3420 Quam-

2235 3438 2318 3495 vis
2343 3439 2486 3494 enim
2517 3442 2775 3512 scriptum
2804 3441 2903 3509 sit,
2935 3442 3083 3513 Ejice
3118 3445 3362 3501 ancillam
3397 3455 3443 3502 et
3476 3446 3618 3515 [ilium
3646 3443 3748 3513 ejus;

2237 3548 2395 3603 neque
2438 3534 2571 3587 enim
2616 3535 2776 3590 lueret
2819 3536 2911 3590 erit
2959 3536 3097 3607 ﬁlius
3146 3538 3357 3594 ancilla:
3406 3555 3511 3594 cum
3556 3537 3644 3607 ﬁlio
3670 3549 3744 3589 meo

2237 3624 2389 3682 Isaac
2433 3626 2573 3697 (Gal.
2598 3643 2672 3693 iv,
2696 3628 2788 3695 26,
2811 3629 2901 3698 50,
2929 3640 2974 3684 ct
3001 3628 3130 3686 Gen.
3158 3647 3285 3699 χχι,
3332 3630 3419 3701 l0)
3451 3648 3469 3686 :
3496 3640 3545 3686 et
3578 3628 3744 3685 Abram:

2237 3717 2431 3774 dixerit
2452 3719 2616 3784 Deus,
2645 3720 2714 3774 In
2734 3719 2885 3775 Isaac
2909 3722 3163 3777 vocabitur
3206 3723 3299 3779 tibi
3316 3740 3477 3779 semen
3505 3722 3629 3797 (Gen.
3653 3733 3740 3782 ut.

2238 3807 2341 3875 l2,
2386 3818 2433 3863 et
2484 3809 2635 3866 Rom.
2696 3827 2780 3879 Ix,
2823 3812 2856 3866 7
2882 3822 2928 3868 et
2955 3812 3008 3883 8)
3054 3829 3073 3869 :
3110 3815 3253 3886 quod
3290 3816 3367 3871 sic
3402 3823 3481 3871 est
3525 3809 3741 3885 Apostolus

2238 3900 2650 3973 interpretatus,
2682 3914 2742 3959 ut
2768 3904 2998 3974 diceret,
3029 3904 3098 3960 Id
3124 3916 3216 3973 est,
3248 3923 3350 3963 non
3374 3906 3457 3979 qui
3476 3904 3563 3976 ﬁlii
3597 3901 3736 3962 canit.

2239 3993 2293 4047 hi
2335 3994 2431 4062 ﬁlii
2473 3993 2609 4061 Dei;
2655 3996 2743 4051 sed
2785 3996 2883 4066 ﬁlii
2922 3997 3268 4067 promissionis
3305 3999 3585 4070 deputantur
3614 3994 3655 4047 in
3682 4007 3737 4045 tt-

2237 4086 2372 4141 mine
2425 4095 2484 4142 ut
2542 4088 2961 4159 intelligeremus
3017 4105 3198 4146 semen
3254 4090 3474 4147 Abraha:
3516 4082 3735 4144 secundum

2237 4175 2387 4235 Isaac
2426 4187 2644 4249 propter
2683 4177 2953 4237 Christum
2997 4182 3065 4237 ad
3102 4182 3197 4239 Dei
3232 4182 3371 4238 ﬁlios
3397 4180 3653 4254 pertinere,
3677 4187 3735 4244 qm

2237 4278 2364 4325 sunt
2390 4284 2583 4341 corpus
2610 4270 2808 4330 Christi
2845 4282 2900 4329 et
2937 4273 3176 4330 membra
3196 4315 3212 4342 ,
3240 4275 3294 4331 id
3319 4284 3425 4342 est,
3454 4270 3648 4329 Ecclesia
3672 4262 3733 4319 Dei

2239 4376 2374 4429 una,
2409 4376 2565 4431 vera,
2596 4378 2849 4434 germana
2868 4405 2885 4432 ,
2915 4365 3175 4422 catholica
3195 4408 3213 4435 ,
3247 4376 3428 4423 tenens
3448 4364 3570 4435 piam
3594 4356 3730 4415 ﬁdem;

2238 4466 2349 4509 non
2369 4468 2487 4508 eam
2509 4469 2626 4524 quat
2647 4470 2743 4525 per
2760 4455 3043 4512 elationem
3064 4457 3146 4513 vel
3170 4458 3427 4521 timorem,
3448 4452 3530 4509 sed
3547 4464 3639 4506 eam
3652 4457 3731 4516 (1⁸³⁸

2237 4560 2337 4616 per
2364 4545 2701 4601 dilectionem
2733 4557 2986 4619 Operatur
3011 4547 3208 4619 (Colat.
3237 4564 3294 4617 v,
3320 4548 3375 4618 6)
3402 4565 3415 4600 :
3442 4553 3593 4600 tamen
3616 4536 3727 4593 etiam

2239 4635 2377 4693 ﬁlios
2408 4637 2825 4694 concubinarum
2859 4640 3073 4710 quando
3101 4657 3133 4697 a
3156 4641 3267 4697 ﬁlio
3290 4656 3383 4696 suo
3405 4637 3533 4692 Isaac
3553 4623 3725 4686 dimisit'

2237 4730 2532 4798 Abraham,
2558 4734 2809 4788 nonnulla
2836 4734 2916 4790 eis
2945 4734 3165 4806 largitus
3192 4743 3277 4791 est
3298 4743 3514 4796 munera,
3539 4740 3594 4781 ne
3612 4717 3725 4776 relin'

2238 4832 2529 4896 querentur
2556 4826 2702 4880 omni
2732 4825 2893 4881 modo
2920 4826 3137 4892 inanes,
3164 4841 3269 4883 non
3296 4833 3348 4882 ut
3370 4824 3630 4879 tenerentur
3646 4807 3722 4863 lie-

2239 4915 2415 4972 redes.
2448 4916 2539 4972 Sic
2562 4916 2707 4971 enim
2735 4918 2960 4989 legimus
2990 4935 3005 4973 :
3036 4917 3191 4973 Dedit
3227 4926 3385 4973 autem
3413 4908 3622 4967 Abraham
3642 4913 3718 4953 on-

2238 5026 2353 5065 nem
2371 5026 2576 5065 censum
2596 5026 2744 5065 suum
2768 5009 2919 5065 Isaac
2938 5011 3046 5081 ﬁlio
3063 5026 3193 5077 suo;
3216 5021 3262 5066 et
3284 5009 3396 5081 filiis
3419 4998 3717 5059 concubinam"
3818 5024 3819 5081 ἦ

2237 5119 2446 5160 suarum
2472 5103 2611 5158 dedit
2635 5102 2891 5158 Abraham
2917 5120 3148 5171 munera,
3184 5113 3231 5158 et
3258 5101 3520 5157 dimisitcos
3542 5087 3590 5142 ab
3611 5081 3714 5139 Ιεααι

2241 5198 2348 5269 ﬁlio
2371 5214 2464 5254 suo
2506 5196 2657 5270 (Gen.
2688 5214 2814 5265 xxv,
2842 5198 2907 5266 5,
2940 5197 3018 5269 6).
3050 5197 3106 5254 Si
3135 5213 3263 5267 01⁵80
3299 5192 3384 5250 ﬁlii
3418 5178 3712 5279 sums

2240 5268 2567 5358 Jerusalem,
2596 5291 2698 5346 alia
2726 5290 2866 5346 dona
2893 5288 3373 5353 exheeredatorum,
3404 5281 3491 5336 alia

2242 5398 2360 5440 mus
2382 5383 2673 5441 haeredum.
2698 5383 2761 5439 Hi
2783 5384 2925 5439 enim
2950 5382 3191 5439 hasredes
3208 5388 3343 5444 sunt,
3369 5374 3530 5447 quibus
3546 5364 3703 5461 dicitur:

2246 5476 2370 5532 Non
2394 5478 2526 5533 enim
2555 5477 2818 5546 accepistis
2846 5476 3080 5545 spiritum
3107 5474 3345 5547 servitutis
3370 5471 3520 5524 iterum
3542 5459 3580 5510 in
3599 5459 3698 5505 timo-

2308 5643 2324 5705 ξ
2362 5642 2476 5692 miti
2496 5643 2614 5705 hoc,
2641 5641 2932 5705 etproximo
2968 5640 3091 5699 loco,
3116 5637 3291 5690 divisit.
3312 5642 3363 5683 Αι
3390 5638 3486 5705 δίξῇ
3502 5614 3695 5705 Mt:

2308 5663 2324 5672 ·
2362 5663 2476 5692 wtu
2494 5663 2615 5715 ρῳ.
2641 5663 2932 5716 ctywxuuu
2969 5663 3091 5699 IUCU,
3116 5663 3291 5690 ιιιιτωιι.
3312 5663 3363 5683 ιιι
3391 5663 3476 5679 mo-
3504 5663 3582 5672 --η
3636 5704 3644 5716 ῃ
3659 5663 3692 5722 ὦ

2242 5703 2429 5767 habent
2450 5705 2633 5767 damstt
2658 5716 2675 5754 :
2695 5710 2833 5767 juxta
2856 5715 3068 5767 graecum
3091 5709 3219 5763 LXX,
3240 5707 3397 5767 penes.

2246 5736 2669 5829 mswat
2680 5736 3496 5817 ἆέὧῒεῗίιΐυῖὲὲὶιῖιῖῗὲτῐῧὲώὲὶ.
3512 5736 3637 5795 W-
