3860 6386
168 421 256 478 625
734 408 1101 471 ADMONITIO
1138 410 1203 468 lN
1238 408 1599 467 SERMONES
1635 407 1725 465 DE
1761 406 2078 466 SYMBOLO
2112 411 2204 467 AD
2241 410 2811 473 CATECHUMENOS.

166 547 284 595 rem;
308 530 388 585 sed
409 528 659 599 accepistis
680 527 914 597 spiritum
940 525 1227 595 adoptionis
1253 525 1499 594 ﬁliorum,
1525 524 1578 578 in
1597 538 1696 594 quo
1803 522 2037 577 nondum
2076 524 2388 580 satiatorum
2418 542 2433 580 :
2463 526 2652 582 borum
2679 541 2807 598 ergo
2831 544 3108 599 pauperum
3141 535 3391 602 patientia

1803 630 1903 667 non
1928 615 2103 685 peribit
2130 617 2181 670 in
2204 626 2445 672 wternum
2473 617 2642 689 (Psal.
2665 634 2746 685 ix,
2772 618 2863 691 19)
2886 636 2900 673 :
2926 636 3029 675 non
3054 626 3175 692 quia
3200 634 3254 680 et
3275 626 3389 683 illic

1803 706 2055 775 patientia
2094 706 2230 773 erit,
2261 708 2351 764 ubi
2394 709 2535 780 quod
2574 709 2830 766 toleretur
2857 726 2965 767 non
2996 716 3131 781 erit;
3164 717 3259 772 sed
3287 736 3391 776 non

1802 796 2002 866 peribit,
2024 797 2225 854 dictum
2245 809 2348 866 est,
2373 801 2497 871 quia
2517 800 2844 858 infructuosa
2867 818 2973 859 non
2993 805 3114 860 erit.
3135 805 3392 868 Fructum

1800 896 1979 944 autem
2002 888 2217 947 habebit
2238 900 2518 959 aeternum,
2541 892 2664 950 ideo
2685 909 2792 949 non
2815 894 3009 965 peribit
3033 896 3085 952 in
3107 905 3391 956 aeternum.

1800 978 1900 1048 Qui
1927 981 2071 1037 enim
2112 982 2321 1038 laborat
2362 985 2623 1053 inaniter,
2654 999 2777 1042 cum
2808 1002 2933 1044 eum
2963 1003 3086 1059 spes
3116 990 3390 1059 fefellerit,

1798 1082 2018 1144 propter
2040 1090 2199 1145 quam
2228 1075 2525 1144 laborabat,
2551 1077 2745 1135 merito
2768 1077 2914 1146 dicit,
2944 1079 3157 1137 Perdidi
3184 1090 3391 1140 tantum

1798 1162 2034 1219 laborem
2064 1182 2079 1219 :
2105 1166 2346 1236 quisquis
2374 1181 2503 1223 vero
2531 1167 2598 1223 ad
2634 1167 2718 1224 sui
2752 1168 2951 1226 laboris
2976 1173 3240 1242 promissa
3264 1188 3391 1246 per-

1797 1257 2019 1323 venerit,
2054 1259 2324 1329 gratulans
2350 1259 2497 1327 dicit,
2528 1259 2644 1316 Non
2676 1262 2881 1333 perdidi
2908 1263 3147 1323 laborem
3183 1282 3387 1324 meum.

1798 1348 2000 1405 Dicitur
2026 1365 2155 1422 ergo
2180 1352 2330 1407 labor
2359 1368 2469 1408 non
2502 1354 2708 1424 perisse
2726 1396 2741 1422 ,
2772 1370 2879 1411 non
2903 1357 3026 1428 quia
3055 1367 3239 1416 manet
3264 1375 3391 1431 per-

1797 1449 2021 1509 petuus,
2053 1440 2148 1496 sed
2176 1441 2301 1513 quia
2330 1458 2436 1499 non
2466 1451 2551 1499 est
2589 1443 2818 1500 inaniter
2856 1444 3024 1502 fusus.
3066 1448 3157 1505 Sic
3199 1458 3256 1506 et
3296 1466 3390 1522 pa-

1798 1531 1979 1587 tientia
2010 1547 2299 1603 pauperum
2328 1533 2560 1603 Christi,
2603 1536 2699 1592 sed
2738 1535 3075 1595 ditaudorum
3111 1539 3387 1598 bmredum

1794 1622 2030 1691 Christi,
2077 1641 2186 1681 non
2231 1627 2423 1697 peribit
2467 1629 2519 1683 in
2561 1639 2821 1687 mternum
2854 1648 2868 1685 :
2900 1646 3006 1687 non
3047 1633 3169 1703 quia
3197 1643 3252 1689 et
3280 1633 3389 1690 illic

1796 1717 2058 1786 patienter
2094 1718 2234 1773 ferre
2267 1718 2576 1788 jubebimur
2596 1761 2613 1787 ,
2642 1722 2736 1778 sed
2761 1722 2885 1793 quia
2915 1737 3012 1794 pro
3042 1723 3107 1779 iis
3144 1740 3262 1795 qua:
3296 1723 3388 1781 hic

1795 1809 2060 1879 patienter
2086 1810 2420 1879 pertulimus,
2449 1821 2645 1868 aeterna
2675 1813 3004 1870 beatitudine
3027 1815 3383 1886 perlruemur.

1793 1901 1911 1957 Non
1935 1901 2083 1958 dabit
2107 1902 2267 1959 linem
2294 1905 2634 1976 sempiterme
2660 1906 2922 1976 felicitati,
2949 1908 3039 1979 qui
3060 1907 3223 1965 donat
3249 1916 3387 1965 tem-

1794 1993 2031 2063 poralem
2060 1994 2369 2065 patientiam
2396 1998 2655 2053 voluntati
2684 2015 2699 2052 :
2727 1998 2852 2070 quia
2879 2006 3166 2073 utrumque
3190 2013 3388 2056 munus

163 624 422 687 clamamus,
449 619 602 685 Abba,
632 617 783 674 Pater
812 619 988 692 (Rom.
1013 635 1129 686 vni,
1162 619 1374 689 M-l7).

220 711 419 769 CAPUT
454 709 640 767 XXIX.
673 740 745 753 —-
779 710 871 767 26.
905 710 1174 766 Patientia:
1202 726 1483 781 pauperum
1508 707 1696 766 Christi

159 821 314 860 merces
348 812 548 859 (eterna.
588 801 891 859 Clamemus
924 818 1053 873 ergo
1083 802 1272 873 spiritu
1299 804 1610 871 charitatis,
1641 812 1698 860 et

157 898 299 954 donec
320 895 580 952 veniamus
614 896 680 950 ad
721 894 1085 952 hazreditatem
1114 895 1167 949 in
1198 909 1300 966 qua
1329 909 1542 966 semper
1578 909 1694 951 ma-

156 1007 359 1058 neamus,
385 988 588 1045 liberali
612 1004 795 1046 amore
818 990 1009 1054 simus,
1040 1003 1145 1044 non
1172 988 1354 1045 servili
1383 988 1576 1044 timore
1600 1002 1695 1059 pa-

155 1086 311 1139 tientes
327 1084 363 1137 ¹.
382 1081 705 1149 Clamemus,
732 1079 987 1151 quamdiu
1008 1094 1272 1152 pauperes
1291 1094 1498 1146 sumus,
1520 1078 1694 1136 donec

153 1176 222 1232 illa
247 1173 538 1231 haereditate
574 1172 825 1229 ditemur.
867 1171 1054 1243 Magna
1096 1172 1291 1243 quippe
1321 1170 1444 1227 inde
1472 1170 1693 1243 pignora

153 1266 445 1337 accepimus,
476 1264 619 1336 quod
656 1264 725 1319 ad
762 1278 862 1320 nos
891 1262 1137 1319 ditandos
1170 1278 1374 1334 pauper
1410 1260 1583 1317 factus
1608 1270 1694 1317 est

153 1358 370 1423 Christus,
398 1372 505 1428 quo
531 1356 585 1411 in
605 1370 862 1425 supernas
882 1354 1092 1410 divitias
1119 1353 1368 1420 exaltato,
1391 1353 1589 1408 missus
1610 1361 1693 1408 est

157 1453 400 1522 quisancta
433 1451 698 1508 desideria
735 1451 934 1508 nostris
969 1449 1218 1507 cordibus
1256 1450 1541 1520 inspiraret
1568 1449 1691 1521 Spi-

163 1546 255 1600 ritus
286 1552 516 1600 sanctus.
549 1544 749 1599 llorum
785 1557 1079 1614 pauperum
1120 1541 1296 1598 adhuc
1335 1541 1688 1609 credentium,

156 1635 336 1691 nondum
354 1636 861 1706 contemplantium;
884 1633 1059 1691 adhuc
1079 1634 1427 1705 spcrantium,
1454 1634 1689 1690 nondum

152 1728 387 1783 tenentium
407 1744 423 1795 ;
445 1726 624 1783 adhuc
644 1726 912 1783 desiderio
932 1727 1334 1797 suspirantium,
1356 1725 1592 1781 nondum
1614 1725 1692 1782 fe-

146 1819 301 1875 licitate
327 1820 699 1892 regnantium;
726 1819 902 1876 adhuc
926 1819 1271 1875 esurientium
1297 1827 1351 1875 et
1375 1818 1688 1885 sitientium,

192 1932 205 1962 ¹
233 1933 515 1982 momnibus
546 1945 700 1994 prope
740 1940 866 1993 Mss,
1218 1930 1307 1994 sed
1330 1930 1381 1979 in
1402 1929 1690 1994 quibusdam

140 1992 195 2057 sic
211 1994 342 2043 verba
377 1990 695 2057 interpuncta
728 1990 879 2043 sunt:
901 1990 997 2043 non
1018 1991 1182 2057 servili
1214 1990 1402 2057 timore.
1419 1990 1688 2057 'ratientes

138 2052 371 2116 eluamus,
388 2064 485 2107 etc.
511 2052 565 2105 in
583 2056 729 2105 editis
749 2064 913 2105 autem
935 2067 1047 2104 cum
1066 2055 1240 2104 eadem
1257 2055 1518 2104 verborum
1538 2054 1691 2105 inter-

136 2118 357 2177 punctione
378 2118 564 2182 legitur
580 2151 597 2178 ,
622 2116 881 2179 Patienter,
909 2124 1005 2168 etc.

1793 2085 2003 2143 donatre
2031 2086 2285 2144 donatum
2312 2096 2396 2145 est
2423 2089 2690 2147 charitati.

3284 420 3393 480 626

1243 2479 2253 2613 ADMONITIO

721 2715 803 2779 ΙΝ
846 2713 1266 2780 SERMONES
1319 2714 1428 2778 DE
1459 2713 1860 2798 .SYMBOLO
1911 2714 2022 2778 AD
2073 2714 2741 2782 CATECHUMENOS.

173 3000 390 3071 Quatuor
409 3003 502 3059 isti
534 3015 816 3059 sermones
848 3001 1176 3074 coniunctim
1204 3002 1398 3075 vulgati
1423 3003 1554 3061 alias
1578 3003 1792 3061 fuerunt
1816 3005 1873 3063 in
1902 3014 2047 3062 tomo
2086 3020 2250 3075 nono,
2281 3015 2337 3063 et
2352 3005 2495 3078 apud
2538 3014 2751 3064 veteres
2773 3005 2984 3066 codices
3007 3007 3135 3066 Mss.
3162 3010 3385 3081 perinde

119 3102 247 3167 atque
283 3097 421 3170 apud
449 3111 690 3155 excuses
716 3099 1049 3169 appellantur
1081 3099 1149 3156 de
1173 3098 1428 3172 Symbolo
1458 3100 1580 3157 libri
1631 3109 1856 3172 quatuor
1877 3142 1893 3168 ,
1924 3101 2330 3173 tribuunturque
2364 3102 2682 3172 Augustino.
2711 3102 2923 3159 Primus
2951 3102 3168 3175 quidem
3193 3117 3382 3161 sermo

120 3187 434 3259 Augustinum
456 3191 683 3246 omnino
711 3190 906 3247 refert:
937 3207 1044 3248 non
1085 3193 1159 3248 ita
1188 3207 1316 3250 vero
1356 3202 1464 3249 tres
1483 3193 1592 3248 alii.
1624 3192 1834 3265 Quippe
1877 3193 1931 3248 in
1960 3194 2044 3249 his
2072 3194 2242 3250 tribus
2269 3194 2482 3251 dicendi
2506 3196 2678 3266 genus
2711 3196 2968 3253 incultum
2992 3206 3047 3253 et
3084 3198 3379 3271 abjectum,

119 3299 203 3342 non
228 3288 379 3344 habet
398 3290 534 3347 satis
567 3289 767 3360 ingenii
789 3298 842 3345 et
864 3290 1162 3362 gravitatis,
1208 3288 1366 3346 sicuti
1389 3289 1571 3345 videre
1586 3291 1745 3345 est-in
1772 3304 2024 3346 sermone
2058 3289 2317 3358 secundo,
2341 3290 2430 3346 ubi
2450 3291 2667 3362 legitur,
2714 3292 2889 3362 capite
2916 3291 2953 3346 2
2987 3310 3003 3348 :
3034 3290 3296 3348 Habemus
3321 3301 3371 3348 et

118 3394 190 3434 nos
206 3382 515 3452 spiritualem
546 3392 777 3438 nostrum
801 3385 1051 3455 aurigam,
1083 3394 1310 3439 sanctum
1340 3390 1638 3455 praphetam
1666 3382 1861 3450 Eliam,
1884 3383 1971 3456 qui
1995 3384 2256 3456 quadriga:
2277 3385 2440 3457 ignea:
2459 3385 2876 3456 superimpositus
2898 3394 3094 3441 tantum
3123 3389 3370 3456 cucurrit,

116 3480 161 3524 at
182 3483 323 3529 metas
347 3475 621 3544 prenderet
651 3474 783 3529 coeli.
806 3475 1097 3545 Scriptura:
1136 3476 1253 3531 loca
1284 3475 1581 3546 peregrinis
1607 3475 1785 3531 verbis
1810 3475 2041 3531 citantur
2074 3475 2342 3532 interdum
2372 3484 2427 3532 et
2450 3476 2785 3547 explicantur
2808 3493 2876 3535 eo
2896 3477 3058 3534 modo
3081 3493 3147 3534 ac
3166 3486 3377 3548 “Sensit,

116 3580 243 3635 quem
268 3570 568 3640 Augustino
606 3569 912 3627 adscribere
937 3583 1043 3625 non
1091 3569 1372 3637 audemus,
1396 3576 1453 3624 ut
1498 3569 1553 3624 in
1600 3568 1839 3640 ejusdem
1883 3568 2147 3626 sermonis
2178 3569 2352 3641 capite
2379 3569 2435 3636 5,
2481 3586 2575 3626 nn.
2604 3569 2676 3627 15
2703 3580 2757 3627 et
2800 3570 2886 3626 ιι.
2912 3569 3067 3627 Hunc
3121 3581 3381 3641 prmterea

116 3673 383 3721 sermonem
420 3674 672 3737 tempore
710 3665 1100 3736 persecutionis
1127 3664 1452 3732 Vandalicaz,
1483 3663 1768 3720 demortuo
1790 3662 1899 3735 jam
1927 3664 2224 3735 Augustino
2238 3662 2499 3729 habitum,
2525 3678 2647 3719 cum
2681 3662 2865 3719 Ariani
2883 3662 3186 3720 Catholicos
3204 3664 3383 3721 modis

118 3758 328 3815 omnibus
355 3767 651 3826 tentarent,
679 3758 957 3814 beneficiis
972 3773 1123 3829 aeque
1146 3773 1209 3813 ac
1235 3758 1443 3829 injuriis
1483 3766 1773 3814 avocantes
1801 3772 1833 3811 a
1860 3755 1985 3823 lide,
2015 3756 2354 3827 suspicamur
2380 3771 2450 3812 ex
2476 3755 2585 3812 illis
2612 3755 2665 3811 in
2695 3757 2799 3812 line
2824 3756 3003 3813 verbis
3035 3773 3050 3811 :
3094 3755 3382 3814 ereticus

116 3849 299 3909 Arianus
338 3870 439 3909 non
468 3852 679 3908 insultet
707 3852 970 3908 Ecclesia.
1020 3849 1202 3923 Lupus
1229 3860 1324 3918 est,
1353 3851 1612 3923 agnoscite
1630 3866 1650 3905 :
1669 3866 1876 3922 serpens
1912 3858 2006 3917 est,
2037 3850 2149 3921 ejus
2173 3849 2342 3921 capita
2389 3858 2738 3919 conquassato.
2766 3847 3064 3916 Blanditur,
3085 3849 3175 3904 sed
3193 3850 3328 3920 fallit
3357 3864 3379 3904 :

115 3945 243 3999 multa
264 3947 533 4017 promittit,
557 3945 649 4001 sed
673 3945 877 4017 decipit,
899 3953 1004 4001 etc.
1037 3944 1095 3999 ln
1125 3959 1374 4001 sermone
1399 3945 1559 4002 tertio
1582 3954 1638 4001 et
1665 3952 1855 4016 quarto
1882 3951 2161 3999 morantur
2188 3958 2288 3999 nos
2319 3956 2495 3999 causa:
2518 3941 2796 3998 dubitandi
2822 3943 2984 3997 etiam
3000 3942 3139 3999 bene
3168 3944 3374 4011 multae,

114 4047 256 4107 neque
281 4037 529 4093 leviores.
561 4035 840 4092 Possidius
866 4036 921 4091 in
945 4034 1206 4101 lndiculo,
1235 4050 1354 4106 cap.
1403 4034 1494 4104 to,
1524 4042 1769 4093 recenset
1793 4034 1863 4093 de
1887 4033 2144 4107 Symbolo
2169 4041 2424 4090 tractatus
2458 4042 2567 4090 tres
2600 4051 2613 4089 :
2647 4032 2743 4090 sed
2784 4032 2884 4090 bos
2910 4034 2965 4089 in
2984 4034 3266 4104 superiore
3292 4045 3378 4091 to-

112 4140 183 4183 mo
200 4129 511 4187 Sermonum
534 4130 723 4199 habes,
762 4129 952 4185 ordine
974 4128 1101 4195 212,
1121 4128 1249 4196 215,
1273 4144 1390 4201 sqq.

165 4220 264 4279 Sub
289 4223 446 4280 linem
476 4223 614 4280 tomi
635 4224 761 4278 item
781 4222 909 4279 noni
938 4221 1189 4278 editionis
1207 4238 1301 4293 per
1326 4221 1691 4280 Lovanienses
1710 4221 1984 4280 adornatae
2018 4221 2327 4295 referuntur
2344 4221 2749 4294 quatuordecim
2774 4228 3054 4290 tractatus,
3080 4237 3216 4294 quos
3243 4238 3378 4295 pau-'

111 4312 171 4367 ris
189 4318 407 4387 exceptis
433 4316 631 4373 dubios
654 4314 911 4372 habemus
937 4330 1001 4371 ac
1026 4314 1349 4371 subdititios.
1379 4314 1581 4371 Horum
1618 4315 1835 4388 quidam
1860 4316 1914 4373 in
1956 4315 2324 4387 Appendicem
2373 4313 2559 4386 reiecti
2582 4323 2729 4385 sunt,
2750 4314 2968 4387 quidam
2986 4329 3119 4372 vero
3147 4315 3236 4373 hic
3274 4331 3375 4373 suo

112 4402 209 4463 loco
244 4410 378 4481 typis
430 4407 810 4465 minutioribus
839 4408 1127 4480 impressi,
1161 4416 1222 4465 ut
1245 4424 1427 4467 sermo
1452 4409 1520 4465 dc
1548 4418 1738 4482 quarta
1766 4408 1944 4475 Feria,
1966 4425 2063 4467 seu
2085 4409 2152 4467 de
2181 4408 2402 4466 Cultura
2437 4409 2550 4481 agri
2588 4407 2863 4477 dominici,
2891 4408 2948 4465 in
2968 4409 3124 4482 cujus
3150 4411 3375 4482 capite3

112 4497 233 4557 locus
255 4506 503 4571 Actuum,
549 4504 709 4569 1,18,
738 4513 794 4559 ct
822 4505 875 4560 in
902 4505 1078 4575 capite
1120 4506 1247 4562 item
1273 4506 1307 4563 6
1352 4508 1498 4564 locus
1535 4507 1780 4576 Joannis,
1817 4509 2010 4578 vr,5l,
2049 4511 2280 4567 citantur
2314 4509 2457 4567 haud
2498 4511 2628 4568 satis
2668 4517 2917 4568 accurate
2947 4526 2962 4565 :
3008 4496 3372 4580 praeterquam

112 4595 226 4664 quod
250 4595 299 4653 in
322 4598 497 4669 capite
520 4598 554 4652 7
582 4598 882 4667 persecutio
921 4596 1209 4654 Vandalica
1255 4607 1439 4656 notata
1496 4599 1727 4657 videtur.
1772 4600 1964 4658 Sermo
2002 4602 2162 4659 etiam
2199 4601 2268 4659 de
2314 4602 2673 4677 Cataclysmo,
2700 4601 2792 4658 ubi
2814 4614 2935 4672 cap.
2960 4599 2999 4655 2
3023 4599 3240 4665 dicitur,
3264 4598 3374 4656 Ba-

114 4689 275 4755 ptismo
292 4704 636 4767 restauratum
655 4712 841 4769 corpus
859 4697 928 4767 ad
950 4697 1170 4767 priorem
1193 4706 1384 4753 statum
1422 4697 1574 4769 primi
1615 4697 1833 4753 hominis
1876 4708 1994 4753 ante
2021 4707 2300 4769 peccatum.
2346 4697 2415 4754 Et
2462 4697 2654 4755 Sermo
2675 4695 2745 4753 de
2770 4695 3035 4765 Tempore
3062 4692 3374 4760 Barbarico,

114 4784 183 4851 (lui
199 4790 359 4859 capite
386 4792 745 4862 praesertiml
770 4792 1061 4849 nonnnulla
1086 4794 1330 4848 continet
1356 4792 1536 4848 minus
1585 4799 1949 4848 consentanea
1971 4805 2138 4848 sacrae
2190 4790 2487 4847 Bibliorum
2536 4788 2795 4855 historiae,
2848 4801 3061 4843 necnon
3114 4784 3373 4842 exhorta-

116 4875 281 4935 tionem
306 4882 357 4937 in
386 4883 498 4940 ﬁne
513 4884 582 4940 ad
602 4884 1253 4942 roborandosCatbolicos
1265 4894 1452 4942 contra
1476 4885 1908 4958 persecutionem
1925 4885 2269 4941 Arianorum.
2294 4884 2462 4941 Stilus
2482 4891 2629 4940 certe
2648 4882 2844 4939 borum
2866 4881 3027 4937 trium
3046 4874 3201 4952 aeque
3222 4877 3378 4935 rudis

116 4980 165 5021 ac
186 4969 435 5031 demissus
455 4976 784 5049 minimeque
810 4978 1249 5050 Augustinianus.
1273 4977 1512 5049 Denique
1548 4975 1799 5034 eumdem
1827 4985 2100 5033 auctorem
2126 4977 2341 5048 sapiunt
2368 4984 2480 5031 tum
2514 4976 2605 5032 isti
2623 4988 2926 5042 sermones,
2962 4982 3075 5031 tum
3099 4972 3192 5028 alii
3216 4985 3378 5042 supra

114 5059 167 5114 de
188 5062 429 5136 Symbolo
450 5078 563 5126 tres
581 5070 851 5136 recensiti,
886 5070 1119 5142 aliquem
1158 5070 1297 5127 forte
1315 5085 1384 5126 ex
1402 5069 1677 5141 discipulis
1704 5070 2008 5142 Augustini,
2030 5070 2184 5141 cujus
2211 5068 2504 5141 sententias
2524 5067 2813 5135 interdum,
2850 5066 3012 5124 tacito
3034 5065 3093 5123 S.
3123 5064 3374 5122 Doctoris

116 5158 318 5227 nomine,
349 5161 587 5232 profert;
620 5163 781 5219 veluti
820 5164 965 5219 illam
998 5166 1053 5220 in
1077 5178 1326 5221 sermone
1353 5162 1424 5220 de
1445 5163 1799 5235 Cataclysmo,
1821 5177 1942 5233 cap.
1962 5163 2017 5228 5,
2044 5162 2190 5218 Tolle
2234 5162 2461 5229 uerbum,
2519 5170 2565 5218 et
2587 5161 2711 5234 quid
2750 5170 2823 5217 est
2864 5177 2999 5232 aqua
3054 5160 3152 5216 nisi
3191 5174 3325 5231 aqua
3345 5156 3373 5212 2’

114 5242 287 5304 Accedit
308 5254 509 5308 verbum
534 5255 601 5309 ad
623 5257 923 5311 elementum
945 5298 961 5324 ,
988 5265 1035 5311 et
1060 5257 1120 5326 ﬁt
1142 5265 1515 5311 sacramentum
1541 5272 1561 5310 :
1599 5270 1720 5326 qua:
1746 5254 2002 5311 nimirum
2029 5254 2188 5310 ducta
2216 5263 2300 5311 est
2333 5270 2402 5310 ex
2445 5253 2701 5310 Tractatu
2726 5253 2796 5311 80
2831 5252 2886 5309 in
2914 5251 3199 5319 Joannem,
3222 5266 3278 5306 ιι.
3310 5249 3370 5307 3.

118 5335 345 5402 Haasimus
382 5349 545 5405 etiam
570 5350 895 5421 aliquantum
931 5352 1075 5407 circa
1112 5365 1418 5407 sermonem
1445 5350 1513 5406 de
1535 5348 1758 5406 Cantico
1775 5362 1936 5412 novo,
1963 5362 2063 5404 nec
2097 5348 2214 5405 sine
2260 5348 2437 5420 aliqua
2465 5349 2808 5404 cunctatione
2837 5347 2979 5417 ρειεηί
3007 5356 3214 5409 sumus,
3245 5355 3372 5397 cum

120 5442 305 5497 nomine
330 5446 629 5517 Augustini,
663 5446 804 5517 quod
819 5446 945 5503 olim
961 5447 1121 5518 gerit,
1151 5461 1365 5502 rursum
1390 5443 1600 5501 excudi.
1620 5443 1678 5499 ln
1721 5441 1896 5514 capite
1920 5442 1955 5499 5
1982 5442 2161 5515 plures
2182 5441 2345 5498 habet
2368 5442 2664 5499 sententias
2685 5455 2753 5497 ex
2778 5445 3039 5510 sequente
3059 5434 3222 5506 paulo
3252 5442 3376 5504 post

120 5546 336 5596 sermone
366 5542 433 5598 de
462 5544 688 5599 utilitate
714 5542 927 5614 Jejunii,
957 5558 1076 5614 cap.
1103 5543 1156 5608 3,
1189 5542 1517 5611 desumptas,
1541 5538 1765 5605 scilicet,
1795 5537 1952 5594 Si....
1979 5539 2217 5609 iumento
2259 5538 2523 5603 insideres,
2544 5536 2681 5607 quod
2702 5544 2749 5588 te
2779 5529 3034 5603 gestiendo
3058 5526 3204 5583 vellet
3225 5542 3373 5598 prte-

122 5625 319 5697 cipitare,
353 5630 484 5701 etc.‘,
504 5637 662 5704 inque
687 5635 800 5706 ejus
828 5637 930 5691 line
964 5634 1308 5691 concionator
1335 5632 1401 5687 ad
1426 5629 1794 5700 baptizandos,
1829 5628 2042 5696 Merces,
2066 5625 2261 5699 inquit,
2284 5637 2455 5683 nostra
2478 5638 2570 5691 est,
2592 5636 2647 5681 ut
2674 5626 2726 5679 in
2751 5623 2840 5677 illo
2859 5629 3034 5674 sancto
3054 5622 3192 5690 fonte
3214 5619 3375 5688 adju-

125 5722 224 5774 retis
247 5741 331 5778 nos
349 5728 653 5781 orationibus
674 5729 844 5781 vestris
872 5744 890 5782 :
918 5727 1057 5798 quod
1089 5726 1353 5783 sermonis
1381 5722 1620 5794 proxime
1636 5721 2011 5791 subsequentis
2029 5732 2213 5778 auctor
2239 5736 2346 5775 non
2376 5717 2690 5776 absimiliter
2709 5710 2951 5782 exposcit
2965 5725 2995 5766 ει
3012 5710 3372 5783 baptizandis,

126 5808 212 5868 Pro
231 5830 392 5872 nostra
419 5825 661 5886 "morde,
685 5823 737 5875 in
763 5822 849 5877 illo
868 5821 1207 5878 sacratissimo
1236 5824 1376 5891 [ante
1403 5834 1495 5889 pro
1524 5815 1667 5872 nobis
1687 5826 1829 5868 orate

3396 2882 3415 2919 J
