3860 6396
79 388 162 448 διε)
726 378 810 434 DE
847 375 1189 451 SYMBOLO,
1225 376 1284 434 S.
1307 371 1678 434 AUGUSTINI
1714 368 1943 432 SERMO
1981 372 2073 431 AD
2108 371 2679 436 CATECHUMENOS.

78 514 254 567 canem,
283 510 371 552 nec
398 494 551 551 canis
576 508 743 549 ovem.
774 492 1039 565 Quidquid
1070 500 1153 548 est
1190 493 1332 564 quod
1363 505 1600 565 generat,

78 593 116 647 id
143 588 258 660 quod
292 594 367 643 est
400 594 635 657 generat.
675 582 872 639 Tenete
914 600 1042 655 ergo
1084 580 1326 649 fortiter,
1359 584 1603 654 lirmiter,

78 682 287 741 ﬁdeliter,
316 676 431 747 quia
469 675 571 729 hoc
610 674 785 746 genuit
820 674 961 728 Deus
992 672 1148 728 Pater
1167 716 1181 741 ,
1212 672 1353 745 quod
1381 684 1463 730 est
1492 673 1605 746 ipse

77 774 373 842 omnipotens.
398 768 663 825 Creaturae
685 767 799 822 ista:
820 768 1074 823 mortales
1096 783 1191 838 per
1210 768 1605 838 corruptionem

76 872 297 934 generant.
327 856 585 930 Numquid
623 858 699 915 sic
727 856 867 914 Deus
906 858 1162 929 generat?
1187 857 1421 915 Mortalis
1448 867 1605 915 natus

78 956 112 1011 id
136 952 247 1024 quod
275 960 348 1007 est
382 958 637 1023 generat,
673 948 991 1005 immortalis
1034 950 1176 1022 quod
1223 958 1305 1006 est
1349 962 1601 1023 generat:

80 1044 368 1115 mrruptibilis
395 1042 794 1113 corruptibilem
820 1049 1058 1112 generat,
1084 1040 1498 1112 ineorruptibilis
1525 1042 1606 1097 in-

78 1135 441 1208 rorruptibilem;
472 1132 834 1204 corruptibilis
864 1128 1313 1204 corruptibiliter,
1357 1132 1604 1189 incorru-

82 1230 228 1299 punitis
252 1226 708 1298 incorruptibiliter
732 1245 744 1281 :
772 1241 939 1296 usque
965 1224 1100 1279 adeo
1129 1224 1230 1297 hoc
1257 1224 1399 1296 quod
1420 1224 1522 1289 est,
1544 1234 1607 1281 ut

82 1336 177 1373 unus
200 1335 365 1383 unum,
398 1316 521 1372 ideo
550 1316 782 1371 unicum.
810 1314 969 1371 Scitis
1000 1314 1249 1386 Quoniam
1290 1330 1411 1369 cum
1453 1314 1603 1371 vobis

82 1412 400 1479 pronuntiarem
425 1408 739 1481 Symbolum
779 1404 856 1461 Sic
884 1406 1023 1473 dixi,
1056 1413 1112 1462 et
1147 1406 1223 1461 sic
1261 1405 1483 1461 credere
1509 1404 1604 1462 de-

88 1500 324 1569 betiszquia
347 1498 619 1555 credimus
646 1497 699 1552 in
722 1496 889 1553 Deum
916 1496 1126 1551 Patrem
1156 1496 1600 1567 omnipotentem,

91 1592 180 1645 etin
198 1590 339 1646 lesum
363 1589 643 1645 Christum
670 1586 862 1644 Filium
888 1588 1003 1659 ejus
1030 1587 1266 1643 unicum.
1291 1586 1408 1642 Jam
1435 1602 1604 1658 quan-

85 1685 132 1738 do
153 1685 318 1739 unicum
338 1726 353 1751 ,
394 1682 562 1739 crede
586 1684 603 1714 ¹
645 1683 1066 1752 omnipotentem
1096 1700 1108 1734 :
1138 1697 1245 1736 non
1286 1682 1429 1736 enim
1461 1682 1603 1737 Deus

80 1775 192 1830 Pater
214 1775 319 1829 facit
343 1774 485 1845 quod
515 1773 661 1842 vult,
699 1782 753 1829 et
782 1774 923 1829 Deus
950 1771 1116 1829 Filius
1147 1788 1255 1828 non
1294 1772 1421 1828 facit
1458 1772 1603 1844 quod

80 1867 169 1919 vult.
196 1864 286 1921 Una
306 1864 554 1920 voluntas
580 1873 659 1921 est
682 1864 853 1920 Patris
877 1874 931 1921 et
950 1863 1092 1933 Filii,
1114 1865 1235 1937 quia
1262 1879 1366 1919 una
1389 1876 1599 1920 natura.

74 1960 148 2015 Nec
170 1960 284 2017 enim
310 1960 555 2016 voluntas
579 1958 699 2014 Filii
732 1964 908 2031 potest
941 1974 971 2015 a
999 1957 1171 2015 Patris
1198 1957 1472 2013 voluntate
1499 1957 1600 2014 ali-

72 2053 315 2123 quantulum
340 2053 633 2124 segregari.
660 2048 799 2106 Deus
820 2059 872 2107 et
893 2051 1054 2118 Deus,
1083 2050 1242 2105 ambo
1263 2065 1398 2105 unus
1420 2048 1599 2105 Deus:

73 2144 339 2217 omnipotens
365 2152 419 2201 et
443 2145 807 2215 omnipotens,
837 2144 995 2201 ambo
1021 2146 1156 2199 unus
1177 2143 1537 2215 omnipotens.

118 2257 156 2311 ι.
180 2255 276 2311 Non
304 2256 701 2315 introducimus
726 2255 861 2312 duos
888 2255 1017 2312 deos
1037 2298 1053 2324 ,
1081 2255 1349 2327 quomodo
1382 2254 1601 2326 quidam

72 2346 356 2413 introducunt,
380 2356 434 2404 et
454 2348 644 2404 dicunt
669 2366 682 2402 :
711 2348 849 2403 Deus
872 2347 1031 2403 Pater
1055 2356 1109 2402 et
1130 2346 1270 2403 Deus
1291 2346 1479 2413 Filius,
1504 2345 1602 2401 sed

72 2437 190 2505 major
217 2437 344 2493 Deus
373 2439 566 2505 Pater,
618 2437 791 2493 minor
831 2437 973 2492 Deus
1014 2436 1197 2492 Filius.
1229 2436 1404 2491 Ambo
1433 2435 1601 2507 quid?

71 2522 148 2584 lluo
174 2528 267 2584 dii?
296 2526 583 2585 Erubescis
619 2526 832 2595 dicere,
864 2527 1119 2583 erubesco
1146 2527 1387 2582 credere.
1414 2525 1600 2580 Domi-

71 2616 137 2672 ius
164 2619 280 2674 Deus
314 2618 470 2676 Pater
514 2618 686 2687 dicis,
729 2627 784 2673 et
822 2606 1080 2672 Dominus
1117 2616 1260 2671 Deus
1297 2613 1463 2669 Filius
1500 2634 1512 2668 :
1546 2623 1603 2669 et

71 2710 269 2791 dicitipse
293 2710 489 2780 Filius,
524 2710 695 2767 Nemo
735 2720 892 2785 potest
932 2710 1126 2765 duobus
1166 2709 1382 2765 dominis
1412 2709 1602 2765 servire

72 2801 221 2875 (llattli.
246 2823 311 2875 vi,
339 2806 452 2873 24).
487 2805 548 2860 ln
579 2804 776 2873 familia
808 2805 973 2876 ipsius
999 2805 1074 2860 sic
1105 2804 1325 2871 erimus,
1360 2812 1437 2871 ut,
1467 2817 1603 2873 quo-

72 2896 180 2953 modo
204 2899 247 2954 in
275 2899 428 2955 domo
454 2904 656 2971 magna
695 2894 783 2955 ubi
822 2909 905 2954 est
939 2897 1321 2970 paterfamilias
1359 2907 1411 2953 et
1441 2896 1602 2953 habet

70 2986 214 3061 ﬁlium,
248 2990 480 3048 dicamus
524 3001 582 3047 et
620 3007 718 3048 nos
748 3008 762 3045 :
796 2989 1052 3045 Dominus
1093 2988 1299 3060 major,
1342 2988 1602 3048 Dominus

70 3078 224 3139 minor?
250 3082 583 3140 Aversamini
617 3085 772 3138 talem
799 3081 1200 3155 cogitationem.
1223 3076 1279 3135 Si
1302 3079 1451 3134 vobis
1477 3080 1603 3135 talia

71 3168 239 3229 feceritis
265 3176 312 3230 in
336 3176 521 3243 corde,
553 3170 695 3229 idola
724 3174 918 3246 ponitis
944 3173 997 3228 in
1024 3171 1199 3227 anima
1226 3187 1350 3226 una.
1376 3170 1603 3227 Prorsus

69 3266 266 3335 repellite.
297 3268 448 3324 Prius
477 3264 719 3334 credite,
754 3277 933 3339 postea
965 3266 1265 3335 intelligite.
1298 3262 1393 3319 Cui
1422 3254 1603 3319 autem

70 3350 185 3413 donat
208 3356 369 3427 Deus,
408 3368 466 3416 ut
505 3375 631 3415 cum
674 3346 997 3425 crediderit,
1037 3356 1143 3413 cito
1182 3355 1473 3427 intelligat;
1508 3355 1604 3413 Dei

70 3444 211 3505 donum
235 3461 324 3516 est,
352 3468 462 3507 non
490 3451 728 3506 humana
755 3446 1032 3521 fragilitas.
1065 3447 1267 3503 Tamen
1295 3446 1338 3502 si
1366 3444 1603 3501 nondum

70 3539 294 3615 inlelligitis
314 3588 327 3609 ,
358 3544 568 3600 credite
602 3562 614 3597 :
642 3536 783 3597 Deus
813 3556 949 3597 unus
974 3540 1133 3596 Pater
1153 3582 1166 3607 ,
1195 3539 1334 3595 Deus
1358 3537 1605 3595 Christus

70 3624 187 3688 Filius
206 3634 306 3691 Dei.
329 3636 500 3691 Ambo
523 3633 691 3705 quid?
716 3633 864 3691 Unus
885 3628 1044 3687 Deus.
1070 3631 1136 3687 Et
1156 3630 1425 3701 quomodo
1446 3630 1605 3687 ambo

70 3735 167 3777 unus
197 3718 323 3780 Deus
362 3724 600 3781 dicitur?
644 3720 964 3792 Quomodo?
1005 3720 1251 3779 miraris?
1290 3721 1347 3777 In
1382 3708 1605 3777 Actibus

71 3810 399 3883 Apostolorum,
428 3818 495 3872 Et
525 3812 654 3883 erat,
684 3814 874 3888 inquit,
906 3808 1212 3870 credentium
1234 3814 1404 3868 anima
1432 3830 1533 3867 una
1558 3821 1607 3868 et

72 3919 128 3955 tor
148 3922 277 3960 unum
303 3909 435 3979 (Act.
462 3925 538 3977 tv,
568 3888 684 3978 δῖ).
717 3906 888 3961 Multae
916 3907 1108 3960 anima:
1134 3908 1307 3971 erant,
1332 3903 1462 3959 ﬁdes
1488 3918 1607 3960 eas-

73 3986 156 4048 dem
182 4013 317 4053 unam
345 3996 568 4055 fecerat.
599 3995 698 4055 Tot
725 3995 890 4051 millia
918 3990 1212 4050 animarum
1241 4003 1426 4059 erant;
1459 4009 1607 4050 ama-

72 4098 213 4143 verunt
244 4106 326 4155 se,
359 4101 410 4145 et
450 4074 637 4146 multa:
681 4094 805 4143 sunt
834 4102 936 4141 una
967 4104 978 4139 :
1012 4088 1322 4140 amaverunt
1352 4084 1519 4139 Deum
1551 4083 1606 4139 in

74 4172 155 4244 igne
188 4178 476 4248 charitatis,
512 4188 569 4236 et
609 4178 674 4235 ex
713 4174 1051 4233 multitudine
1089 4175 1153 4231 ad
1195 4174 1607 4247 pulclrritbdinis

76 4268 270 4326 unitatem
300 4280 583 4328 venerunt.
625 4268 682 4327 Si
723 4278 827 4325 tam
870 4269 1066 4325 multas
1104 4270 1309 4323 animas
1339 4267 1464 4322 fecit
1486 4268 1603 4321 ani-

76 4373 174 4415 mam
205 4380 345 4419 unam
375 4366 643 4431 charitas;
675 4363 847 4435 qualis
878 4362 1111 4419 Charitas
1139 4369 1220 4418 est
1247 4360 1385 4431 apud
1414 4360 1604 4430 Deum,

76 4450 137 4504 ubi
161 4452 279 4510 nulla
306 4456 607 4520 diversitas,
638 4450 733 4510 sed
762 4454 968 4525 integra
995 4451 1307 4524 aequalitas?
1334 4450 1391 4509 Si
1421 4451 1471 4506 in
1500 4458 1608 4507 ter-

77 4540 126 4593 ris
146 4552 189 4597 et
209 4545 254 4599 in
278 4544 578 4603 numinibus
608 4546 775 4619 potuit
816 4560 936 4602 esse
970 4552 1115 4600 tanta
1142 4544 1407 4610 Charitas,
1448 4553 1507 4600 ut
1540 4544 1608 4601 de

78 4641 129 4687 tot
155 4637 399 4697 animabus
429 4641 630 4697 faceret
659 4648 817 4695 unam
849 4638 1117 4706 animam;
1156 4639 1245 4694 ubi
1284 4654 1497 4711 semper
1526 4640 1609 4696 ln-

77 4730 329 4796 Separab'rlis
363 4731 460 4788 fuit
486 4732 647 4788 Pater
674 4748 703 4788 a
732 4732 901 4799 Filio,
932 4720 1098 4787 Filius
1132 4747 1162 4787 a
1197 4731 1382 4799 Patre,
1415 4738 1608 4803 potue-

81 4818 168 4873 runt
200 4826 340 4881 ambo
383 4838 502 4883 esse
540 4827 641 4882 nisi
672 4826 813 4882 Deus
842 4826 1016 4881 unus?
1042 4825 1145 4882 Sed
1178 4826 1279 4881 illae
1306 4827 1525 4893 anima},
1554 4835 1611 4883 et

82 4909 215 4968 multa
248 4917 428 4973 animm
457 4918 562 4974 dici
594 4925 912 4988 potuerunt,
956 4924 1008 4973 et
1046 4918 1222 4973 anima
1262 4932 1368 4973 una
1411 4936 1424 4973 :
1467 4918 1609 4974 Deus

82 5010 242 5071 autem,
272 5008 353 5064 ubi
382 5018 465 5066 est
490 5006 769 5066 ineﬂab'ilis
795 5019 848 5065 et
872 5024 1077 5065 summa
1108 5009 1442 5081 coniunctio,
1472 5024 1608 5067 unus

83 5087 186 5151 Deus
205 5098 294 5155 dici
320 5112 521 5172 potest,
551 5114 658 5159 nan
684 5103 753 5158 dii
784 5102 909 5159 duo.

134 5202 176 5261 5.
201 5209 329 5275 Facit
348 5214 487 5287 quod
512 5214 621 5271 vult
642 5208 818 5281 Pater,
847 5213 971 5271 facit
994 5213 1135 5287 quod
1156 5212 1268 5269 vult
1289 5212 1473 5271 Filius.
1501 5210 1607 5271 No-

85 5292 150 5352 lite
170 5313 326 5367 putare
350 5307 763 5379 omnipotentem
793 5304 1007 5361 Patrem
1037 5314 1091 5361 et
1120 5321 1227 5361 non
1256 5306 1604 5377 omnipoten-

89 5393 165 5442 tem
187 5391 352 5452 Filium
378 5415 389 5452 ε
419 5413 567 5454 error
592 5408 674 5453 est
695 5438 710 5464 ,
743 5396 917 5453 delete
945 5397 1047 5452 hoc
1073 5397 1125 5451 in
1151 5396 1323 5464 vobis,
1356 5413 1463 5453 non
1490 5397 1605 5453 hae-

88 5487 171 5533 reat
189 5483 233 5539 in
256 5489 494 5545 memoria
522 5498 714 5559 vestra,
744 5505 850 5547 non
877 5488 1087 5545 bibatur
1112 5488 1164 5543 in
1192 5487 1297 5544 ﬁde
1325 5498 1524 5557 vestra,
1554 5501 1609 5545 et

90 5565 121 5619 Si
142 5564 251 5629 forte
273 5570 448 5649 aliquis
481 5580 713 5636 vestrum
752 5580 979 5645 biberit,
1012 5586 1211 5633 vomat.
1256 5576 1607 5650 Omnipotens

88 5662 315 5734 estPater,
337 5672 666 5743 omnipotens
700 5671 885 5730 Filius.
926 5671 983 5729 Si
1007 5670 1347 5742 omnipotens
1368 5686 1476 5727 non
1506 5685 1603 5741 ge-

144 5830 239 5885 ἐἰς
255 5842 350 5890 Mss.
372 5841 491 5893 aditi
516 5850 657 5904 vero,
681 5847 879 5896 Jamaue
901 5838 1095 5895 unicum
1135 5843 1299 5895 crede.

3188 384 3299 446 650

1714 493 1830 547 nuit
1855 494 2303 565 omnipotentem,
2335 512 2443 553 non
2480 514 2665 554 verum
2709 498 2875 554 ﬁlium
2919 504 3118 572 genuit.
3160 504 3300 574 Quid

1714 580 1855 642 enim
1886 580 2131 656 dicimus,
2164 588 2375 655 fratres,
2404 589 2447 643 si
2469 576 2627 645 Pater
2652 589 2822 659 major
2849 591 3109 649 minorem
3135 595 3300 651 lilium

1712 676 1932 749 genuit?
1956 673 2093 746 Quid
2129 677 2271 734 enim
2308 680 2418 736 dixi
2442 680 2479 747 ί,
2511 674 2732 753 genuit?
2763 683 2934 738 llomo
2963 686 3103 739 enim
3134 689 3302 757 major

1712 764 1930 847 generat
1952 769 2114 825 ﬁlium
2139 769 2425 840 minorem,
2452 787 2637 828 verum
2664 782 2747 830 est
2774 792 2785 827 :
2815 775 2909 830 sed
2931 776 3052 847 quia
3076 782 3306 834 senescit

1711 846 1835 929 ille,
1866 863 2060 918 crescit
2091 863 2220 930 iste,
2255 873 2309 919 et
2350 860 2415 919 ad
2460 863 2684 921 fermam
2728 868 2893 938 patris
2932 870 3013 924 sui
3056 871 3140 925 vel
3185 888 3305 926 cro-

1712 954 1911 1012 scendo
1940 955 2201 1026 pervenit.
2234 944 2401 1012 Filius
2430 958 2521 1013 Dei
2552 957 2633 1013 si'
2661 974 2767 1014 non
2797 963 3022 1029 crescit,
3054 964 3177 1034 quia
3210 982 3308 1019 nec

1712 1056 1890 1118 potest
1916 1048 2056 1104 Deus
2080 1065 2397 1118 senescere;
2430 1050 2695 1122 perfectus
2724 1064 2879 1111 natus
2905 1066 3006 1111 est.
3031 1057 3309 1114 Perfectus

1711 1134 1924 1212 quidem
1952 1152 2126 1209 natus,
2159 1142 2205 1199 si
2233 1160 2337 1202 non
2366 1146 2576 1212 crescit,
2607 1156 2660 1203 et
2684 1148 2860 1205 minor
2885 1166 2992 1206 non
3016 1154 3304 1218 remansit;

1713 1231 1931 1301 aequalis
1961 1240 2059 1287 est.
2091 1234 2221 1289 Nam
2262 1245 2320 1290 ut
2357 1236 2536 1292 sciatis
2572 1238 2995 1308 omnipotentem
3033 1242 3101 1297 de
3134 1246 3309 1298 omni-

1706 1312 1929 1395 potente
1966 1334 2180 1394 natum,
2225 1327 2397 1397 ipsum
2434 1328 2613 1385 audite
2641 1331 2732 1401 qui
2756 1318 2968 1387 Veritas
2998 1340 3098 1387 est.
3143 1334 3218 1388 De
3248 1349 3309 1390 se

1711 1414 1854 1486 quod
1882 1414 2010 1471 dicit
2039 1416 2278 1484 Veritas,
2314 1417 2417 1474 hoc
2446 1430 2529 1475 est
2557 1436 2762 1475 verum.
2794 1421 2930 1490 Quid
2959 1421 3033 1479 ait
3062 1422 3308 1479 Veritas?
3406 1464 3414 1471 .

1709 1508 1836 1577 quid
1864 1509 1939 1590 ait
1964 1508 2149 1574 Filius,
2175 1510 2266 1578 qui
2292 1519 2375 1566 est
2402 1510 2647 1567 Veritas?
2679 1512 3017 1584 Quaecumque
3043 1513 3202 1570 Pater
3226 1520 3309 1588 fa—
3380 1538 3385 1544 ε
3448 1522 3449 1527 ‘

1710 1599 1809 1681 cit,
1846 1584 1951 1659 [uie
1979 1590 2221 1663 ethilius
2249 1602 2480 1656 similiter
2508 1604 2630 1673 facit
2669 1604 2846 1676 (Joan.
2877 1621 2933 1672 v,
2968 1606 3081 1678 19).
3119 1584 3307 1663 Omni-

1711 1699 1901 1760 potens
1929 1700 2011 1747 est
2036 1691 2201 1749 Filius
2222 1734 2236 1756 ,
2264 1693 2441 1748 omnia
2478 1693 2721 1750 faciendo
2746 1712 2865 1767 qua:
2891 1698 3141 1754 voluerit.
3170 1698 3309 1755 Nam

1710 1782 1756 1839 si
1784 1772 1910 1838 facit
1947 1784 2119 1855 aliqua
2150 1785 2307 1844 Pater
2335 1802 2454 1858 qua:
2484 1802 2592 1842 non
2622 1787 2745 1844 facit
2768 1789 2964 1856 Filius,
3005 1790 3194 1847 falsum
3224 1793 3314 1855 dis

1710 1875 1789 1930 xit
1813 1876 1981 1933 Filius
2012 1894 2025 1933 :
2056 1876 2395 1948 Quaecumque
2422 1878 2576 1933 Pater
2602 1883 2747 1951 facit,
2781 1881 2887 1937 Ita’c
2917 1891 2961 1935 ct
2988 1878 3152 1938 Filius
3182 1885 3308 1956 facit

1709 1960 1960 2045 similiter.
1989 1967 2093 2024 Sed
2121 1969 2244 2040 quia
2269 1984 2453 2025 verum
2493 1970 2626 2026 dixit
2650 1971 2816 2027 Filius
2843 1990 2855 2026 :
2884 1972 3083 2029 credite
3103 2017 3117 2042 ,
3150 1974 3308 2039 Qua:-

1710 2077 1925 2129 cumque
1943 2060 2103 2115 Pater
2123 2063 2276 2133 facit,
2305 2066 2410 2117 hinc
2430 2073 2474 2119 et
2498 2062 2664 2119 Filius
2688 2066 2809 2136 facit
2830 2066 3095 2129 similiter;
3118 2077 3170 2122 et
3190 2082 3309 2124 cre-

1710 2152 1921 2209 didistis
1947 2148 1999 2207 in
2025 2154 2218 2209 Filium
2246 2155 2687 2225 omnipotentem.
2713 2155 2864 2225 Quod
2888 2157 3108 2213 verbum
3132 2158 3229 2215 etsi
3253 2159 3309 2214 in

1709 2236 1966 2317 Symbolo
1996 2246 2099 2300 non
2128 2244 2335 2300 dixistis
2355 2288 2367 2311 ,
2404 2255 2579 2301 tamen
2614 2246 2715 2301 hoc
2755 2255 2837 2304 est
2871 2248 3011 2318 quod
3042 2250 3311 2320 expressi-

1709 2338 1829 2404 stis,
1858 2338 2069 2409 quando
2096 2338 2148 2394 in
2174 2339 2384 2395 unicum
2408 2340 2581 2409 ipsum
2603 2340 2772 2395 Deum
2795 2340 3114 2398 credidistis.
3138 2342 3310 2399 liabet

1710 2420 1910 2500 aliquid
1940 2430 2094 2485 Pater
2119 2432 2257 2502 quod
2288 2448 2392 2487 non
2420 2432 2579 2488 habet
2609 2434 2815 2489 Filius?
2843 2434 2957 2491 lloc
2984 2436 3166 2491 Ariani
3198 2436 3310 2491 ha:-

1709 2524 1863 2581 retiei
1894 2524 2189 2595 blasphemi
2216 2526 2417 2592 dicunt,
2448 2543 2553 2582 non
2581 2543 2698 2598 ego.
2735 2528 2841 2583 Sed
2870 2545 2969 2601 ego
2998 2531 3122 2600 quid
3149 2532 3307 2587 dico?

1708 2615 1765 2673 Si
1797 2615 1957 2672 habet
1985 2616 2183 2687 aliquid
2209 2618 2387 2686 Pater,
2421 2619 2563 2689 quod
2594 2636 2698 2674 non
2732 2620 2891 2676 habet
2921 2622 3119 2689 Filius;
3151 2640 3309 2679 men-

1713 2708 1839 2763 titur
1867 2708 2034 2763 Filius
2056 2752 2071 2776 ,
2113 2710 2203 2780 qui
2232 2710 2389 2773 dicit,
2436 2709 2621 2765 Omnia
2647 2728 2760 2782 quw
2791 2712 2935 2767 habet
2962 2712 3153 2782 Pater,
3194 2731 3309 2770 mea

1708 2810 1829 2856 sunt
1855 2801 1967 2869 (1d.
1988 2844 2003 2867 ,
2030 2818 2143 2870 xvi,
2171 2801 2281 2873 15).
2322 2802 2482 2857 Multa
2510 2812 2563 2857 et
2580 2802 2991 2873 innumerabilia
3014 2814 3135 2859 sunt
3159 2808 3310 2861 testi-

1709 2892 1887 2949 monia
1918 2892 2109 2962 quibus
2140 2893 2391 2965 probetur
2421 2893 2736 2964 quiaFilius
2764 2910 2923 2967 verus
2950 2894 3046 2951 Dei
3072 2896 3092 2927 ³
3133 2896 3308 2952 Patris

1710 2996 1798 3044 est
1820 2985 2005 3050 Filius,
2036 2995 2088 3041 et
2116 2986 2271 3041 Pater
2300 2986 2438 3043 Deus
2465 3001 2649 3041 verum
2678 2987 2861 3058 genuit
2890 2987 3083 3043 Filium
3112 2986 3305 3056 Deum,

1712 3086 1767 3136 et
1795 3078 1952 3134 Pater
1980 3086 2033 3135 et
2058 3078 2227 3133 Filius
2253 3094 2391 3153 uitus
2420 3087 2503 3134 est
2532 3079 2691 3135 Deus.

1781 3169 2011 3226 CAPUT
2051 3169 2134 3225 lll.
2158 3201 2228 3209 —
2253 3170 2305 3227 6.
2338 3170 2465 3243 Filii
2492 3169 2587 3225 Dei
2607 3172 2841 3227 nativitas
2872 3172 3093 3228 humana
3119 3190 3181 3229 ea:
3205 3173 3308 3229 vir-

1710 3264 1847 3335 gine.
1879 3261 2060 3317 Passio
2082 3263 2172 3317 sub
2201 3263 2418 3335 prteside
2439 3261 2631 3318 Pilato.
2662 3262 2917 3320 Nativitas
2947 3266 3132 3319 Christi
3154 3277 3306 3321 teter-

1712 3372 1781 3431 ita
1810 3355 1871 3409 de
1896 3352 2073 3409 Patre.
2094 3355 2269 3409 Crucis
2299 3354 2604 3425 supplicium
2643 3371 2732 3409 cur
2779 3354 2989 3411 electum
3014 3373 3045 3409 a
3082 3354 3306 3413 Christo.

1714 3446 1983 3521 Patientia:
2008 3461 2195 3500 merces
2212 3461 2310 3499 non
2338 3444 2630 3517 temporalis
2654 3445 2704 3499 in
2731 3447 2987 3521 prtcscnti,
3015 3449 3102 3501 sed
3119 3457 3310 3502 wtcrna

1712 3519 1947 3617 a'peretur
1982 3537 2033 3590 in
2070 3540 2243 3607 futuro
2273 3536 2479 3591 saeculo.
2515 3535 2618 3591 Sed
2655 3536 2755 3593 istc
2786 3520 2953 3592 Filius
2996 3538 3182 3594 unicus
3212 3539 3309 3595 Dei

1713 3629 1887 3685 Patris
1904 3628 1925 3660 ‘
1946 3628 2326 3700 omnipotentis
2351 3628 2626 3686 videamus
2650 3630 2777 3700 quid
2801 3629 2926 3685 fecit
2952 3641 3165 3703 propter
3186 3646 3307 3700 nos,

1714 3720 1841 3791 quid
1869 3736 2055 3792 passus
2078 3730 2161 3777 est
2182 3730 2398 3793 propter
2418 3736 2538 3777 nos.
2552 3719 2717 3777 Natus
2734 3721 2799 3776 de
2820 3720 3021 3795 Spiritu
3041 3732 3225 3799 sancto
3252 3732 3310 3778 et

1713 3814 1920 3889 virgine
1938 3813 2123 3870 Maria.
2151 3813 2243 3870 llle
2265 3814 2404 3870 Deus
2426 3820 2603 3891 tantus
2628 3814 2853 3891 aaqualis
2873 3814 3040 3881 Patri,
3059 3825 3214 3871 natus
3240 3815 3311 3872 de

1715 3883 1915 3977 Spiritu
1949 3913 2135 3961 sancto
2174 3917 2228 3961 et
2265 3905 2466 3977 virgine
2490 3886 2653 3961 Maria
2671 3883 2905 3973 liuniilis,
2935 3906 3076 3962 unde.
3096 3917 3313 3965 sanaret

1715 3997 1996 4077 superbos.
2019 3994 2280 4052 Exaltavit
2307 4012 2366 4052 se
2388 3995 2569 4065 homo,
2597 4004 2653 4052 et
2679 3996 2871 4053 cecidit
2891 4014 2905 4051 :
2929 3996 3228 4052 humiliavit
3252 4014 3313 4055 se

1716 4074 1877 4157 Deus,
1896 4098 1948 4145 et
1959 4086 2147 4146 erexit.
2164 4089 2445 4164 Humilitas
2459 4087 2653 4144 Christi
2671 4088 2795 4161 quid
2808 4097 2889 4145 est
2901 4088 2924 4141 ?
2938 4089 3151 4145 Manum
3172 4091 3313 4147 Deus

1716 4183 1918 4245 homini
1931 4181 2127 4252 iacenti
2145 4181 2400 4252 porrexit.
2420 4178 2526 4235 Nos
2554 4180 2864 4247 cecidimus,
2888 4180 2977 4235 ille
2994 4180 3271 4236 descendit
3296 4200 3309 4235 :

1717 4289 1817 4330 nos
1837 4272 2169 4344 jaeebamus,
2198 4271 2283 4327 ille
2301 4286 2359 4326 se
2381 4268 2677 4327 inclinavit.
2699 4271 3031 4327 Prendamus
3048 4282 3103 4328 et
3126 4288 3314 4342 surga-

1717 4380 1858 4433 mus,
1910 4373 1970 4420 ut
2013 4378 2118 4419 non
2163 4364 2214 4435 in
2262 4378 2476 4434 poenam
2524 4362 2795 4419 cedamus.
2846 4361 2988 4435 Ergo
3038 4363 3313 4419 inclinatio
3392 4376 3401 4431 ‘_

1718 4457 1885 4531 ipsius
1917 4458 2033 4512 hmc
2059 4465 2159 4522 est,
2189 4454 2353 4511 Natus
2378 4454 2552 4511 estde
2572 4454 2770 4524 Spiritu
2797 4463 2984 4511 sancto
3009 4466 3064 4511 et
3106 4454 3313 4525 virgine

1717 4550 1901 4607 Maria.
1931 4549 1996 4605 Et
2021 4549 2133 4620 ipsa
2161 4550 2413 4605 nativitas
2443 4548 2695 4617 humana,
2730 4548 2947 4604 humilis
2983 4557 3037 4604 et
3074 4547 3310 4604 excelsa.

1722 4643 1873 4701 Unde
1914 4642 2168 4698 humilis?
2206 4642 2340 4712 Quia
2369 4642 2530 4697 homo
2574 4632 2729 4696 natus
2768 4648 2852 4696 est
2878 4655 2943 4695 ex
2974 4638 3304 4695 hominibus.

1718 4736 1874 4795 Unde
1893 4735 2142 4792 excelsa?
2164 4734 2298 4804 Quia
2324 4734 2393 4791 de
2420 4734 2647 4809 virgine.
2673 4734 2834 4803 Virgo
2862 4732 3126 4804 concepit,
3157 4732 3310 4805 virgo

1718 4830 1947 4901 peperit,
1980 4838 2033 4885 et
2053 4836 2173 4898 post
2203 4835 2411 4898 partum
2438 4826 2588 4897 virgo
2611 4824 2925 4896 permansit.

1792 4922 1844 4978 7.
1874 4920 2013 4989 Quid
2033 4918 2261 4976 deinde?
2295 4919 2490 4975 Passus
2519 4918 2619 4975 sub
2664 4918 2855 4974 Pontio
2880 4917 3070 4974 Pilato.
3110 4918 3305 4975 Prtesi-

1717 5016 1905 5073 datum
1944 5016 2154 5086 agebat,
2184 5023 2239 5069 et
2286 5013 2451 5083 judex
2505 5022 2621 5069 erat
2668 5013 2782 5084 ipse
2828 5013 3050 5071 Pontius
3084 5013 3310 5082 Pilatus,

1717 5106 1933 5179 quando
1960 5118 2149 5174 passus
2177 5113 2261 5159 est
2304 5101 2567 5159 Christus.
2616 5103 2819 5161 Jndicis
2859 5105 3077 5161 nomine
3102 5104 3313 5175 signata

1718 5207 1843 5256 sunt
1870 5206 2129 5267 tempora,
2158 5195 2371 5267 quando
2398 5211 2587 5267 passus
2614 5206 2729 5264 est,
2760 5198 2860 5254 sub
2883 5198 3076 5254 Pontio
3104 5197 3313 5263 Pilato;

1717 5289 1933 5361 quando
1972 5303 2164 5361 passus
2187 5296 2301 5356 est,
2343 5289 2648 5357 cruciﬁxus,
2690 5290 2985 5357 mortuus},
3033 5298 3088 5346 et
3129 5288 3312 5359 sepul-

1782 5466 2259 5539 Ῐξηδδδδραέίίίαῗι
2395 5536 2410 5539 -
2795 5530 2807 5539 .
3076 5526 3103 5539 .,
3180 5538 3183 5539 ,
3244 5527 3254 5539 .

1780 5533 1800 5564 ³
1833 5532 1975 5604 ,μυειέ
1991 5534 2066 5580 Er.
2092 5531 2237 5594 Lugd.
2259 5538 2379 5581 Ven.
2395 5536 2527 5592 Lov.,
2543 5530 2693 5582 Filius
2718 5530 2807 5581 Dei
2825 5543 2914 5581 non
2934 5530 3105 5579 crescit
3126 5530 3309 5588 ;omis-

1713 5600 1869 5655 so,si.
1934 5600 1993 5641 ιι.

1781 5656 2180 5730 ῗέ¹⁵⁵ονιέε²¹δψ
2224 5718 2236 5730 .
2276 5727 2300 5730 -
2342 5724 2355 5730 -
2391 5715 2401 5729 .
2603 5715 2638 5730 ..
2792 5721 2908 5730 ----,

1780 5717 1803 5751 δ
1834 5710 1968 5780 Lov.,
1993 5726 2121 5770 Deus
2145 5718 2236 5770 Dei
2266 5715 2442 5778 Patris,
2469 5720 2562 5765 etc.
2592 5715 2755 5774 Abest,
2781 5721 2926 5775 Deus,
2955 5713 3016 5762 ab
3040 5712 3183 5763 editis
3205 5710 3312 5764 aliis

1718 5790 2062 5908 e‘smﬁserhum,
2088 5848 2319 5903 mortuus,
2344 5841 2433 5890 boc
2456 5846 2505 5892 et
2527 5838 2746 5902 proximo
2769 5836 2874 5890 loco
2896 5837 3038 5913 abest
3060 5850 3089 5891 a
3105 5845 3212 5891 Mss.
