3860 6284
587 386 685 443 651

586 510 689 555 tus.
716 501 882 569 Quis?
909 500 1075 572 quid?
1101 515 1197 571 pro
1222 500 1453 573 quibus?
1476 500 1645 569 Quis?
1665 499 1829 556 Filius
1855 501 1950 556 Dei
1971 501 2177 569 unicus,

586 593 846 647 Dominus
867 600 1067 647 noster.
1092 592 1263 660 Quid?
1284 592 1607 656 Crucifixus,
1636 602 1899 659 mortuus,
1924 601 1980 647 et
2007 591 2182 661 sepul-

589 695 695 739 tus.
728 685 831 739 Pro
858 685 1088 756 quibus?
1132 686 1236 740 Pro
1278 685 1453 755 impiis
1482 693 1537 739 et
1577 685 1962 755 peccatoribus.
1992 684 2180 755 Magna

587 776 855 846 dignatio!
888 791 1078 846 magna
1109 776 1278 846 gratia
1303 776 1316 828 ι
1358 774 1495 843 Quid
1521 776 1793 829 retribuam
1820 774 2059 837 Domino.
2087 791 2180 833 vro

591 869 819 922 omnibus
845 884 959 940 qua:
985 869 1210 923 retribuit
1233 867 1359 921 mihi
1383 865 1558 937 (Psal.
1586 884 1708 934 cxv,
1731 867 1820 938 12)
1838 869 1864 923 ?

661 962 715 1014 8.
743 959 909 1013 Natus
937 969 1019 1014 est
1046 968 1170 1013 ante
1199 959 1379 1013 omnia
1410 968 1651 1029 tempora
1673 1001 1689 1027 ,
1722 968 1880 1016 natus
1911 970 2035 1017 ante
2059 975 2179 1016 om-

594 1052 684 1105 nia
711 1051 925 1105 smcula.
952 1050 1116 1104 Natus
1132 1059 1275 1105 ante.
1306 1052 1447 1107 Ante
1476 1051 1624 1121 quid,
1657 1050 1746 1107 ubi
1775 1067 1884 1107 non
1911 1062 1995 1108 est
2020 1053 2181 1109 ante?

543 1134 546 1137 Α
590 1143 818 1196 Prorsus
840 1141 1006 1196 nolite
1031 1142 1265 1213 cogitare
1291 1142 1507 1214 aliquod
1548 1151 1759 1213 tempus
1784 1152 1908 1199 ante
1935 1144 2181 1201 nativita-

590 1243 699 1287 tem
723 1230 943 1297 Christi,
972 1248 1074 1302 qua
1102 1242 1259 1288 natus
1283 1241 1366 1289 est
1391 1233 1457 1288 de
1482 1233 1639 1288 Patre
1666 1251 1680 1287 :
1706 1232 1774 1289 de
1800 1235 1914 1303 ipsa
1935 1234 2183 1289 nativita-

587 1331 642 1379 te
674 1324 884 1394 loquor,
908 1339 1009 1393 qua
1033 1335 1116 1379 est
1142 1324 1311 1380 Filius
1334 1325 1430 1381 Dei
1457 1324 1838 1395 omnipotentis
1865 1326 2050 1382 unicus
2070 1326 2181 1382 Do-

584 1415 766 1470 minus
792 1424 1010 1480 noster;
1041 1414 1109 1470 de
1147 1416 1261 1486 ipsa
1292 1416 1440 1486 prius
1488 1416 1695 1487 loquor.
1744 1415 1921 1472 Nolite
1946 1417 2181 1487 cogitare

578 1508 641 1562 in
682 1505 783 1561 hac
812 1507 1090 1561 nativitate
1137 1507 1344 1561 initium
1391 1508 1680 1577 temporis;
1728 1506 1897 1564 nolite
1946 1509 2187 1579 cogitare

586 1597 756 1652 ullum
781 1598 1009 1668 spatium
1037 1598 1372 1666 aeternitatis,
1399 1598 1614 1669 quando
1638 1608 1752 1653 erat
1783 1599 1941 1655 Pater
1982 1608 2036 1655 et
2073 1614 2181 1655 non

586 1698 706 1745 erat
732 1688 917 1744 Filius.
944 1689 1024 1744 Ex
1043 1704 1150 1759 quo
1176 1690 1355 1755 Pater,
1388 1705 1454 1745 ex
1480 1705 1547 1745 eo
1593 1688 1781 1744 Filius.
1810 1689 1879 1744 Et
1915 1690 2041 1760 quid
2073 1700 2177 1756 est,

596 1798 661 1839 ex
691 1798 819 1854 quo,
848 1784 936 1839 ubi
967 1798 1071 1838 non
1099 1792 1183 1838 est
1206 1784 1453 1839 initium?
1478 1783 1619 1854 Ergo
1643 1797 1861 1854 semper
1881 1783 2040 1839 Pater
2065 1783 2181 1840 sine

585 1876 743 1930 initio
760 1917 774 1942 ,
798 1890 1011 1945 semper
1031 1875 1196 1931 Filius
1218 1876 1332 1931 sine
1362 1876 1533 1931 initio.
1553 1875 1924 1947 thuomodo,
1950 1876 2179 1948 inquies,

584 1976 744 2023 natus
769 1976 873 2033 est,
902 1968 947 2022 si
975 1982 1081 2023 non
1125 1967 1289 2022 habet
1313 1967 1565 2023 initium?
1608 1969 1683 2023 De
1723 1978 1925 2024 aeterno
1960 1979 2184 2025 coaeter-

584 2077 707 2117 nus.
731 2061 1008 2132 Nunquam
1044 2060 1144 2116 fuit
1173 2061 1329 2117 Pater
1353 2071 1405 2117 et
1434 2076 1541 2117 non
1566 2069 1686 2118 erat
1708 2062 1896 2130 Filius,
1922 2072 1975 2118 et
2002 2070 2181 2120 tamen

583 2152 754 2208 Filius
780 2168 808 2207 a
836 2153 993 2209 Patre
1015 2163 1097 2208 est
1132 2153 1364 2224 genitus.
1403 2152 1559 2210 Unde
1601 2154 1757 2210 datur
1783 2154 2182 2227 qualiscumque

585 2244 917 2300 similitudo?
942 2244 997 2300 In
1025 2245 1188 2301 rebus
1215 2246 1446 2302 terrenis
1470 2262 1676 2314 sumus,
1709 2247 1761 2302 in
1791 2255 2032 2303 creatura
2056 2247 2187 2303 visi-

584 2334 681 2390 bili
718 2349 922 2391 sumus.
957 2337 1057 2391 Det
1097 2336 1225 2392 mihi
1265 2337 1666 2394 similitudinem
1703 2348 1843 2395 terra
1874 2355 1890 2394 :
1921 2354 2028 2394 non
2069 2338 2182 2397 dat.

583 2427 688 2482 Det
731 2427 860 2482 mihi
908 2427 1138 2497 aliquam
1189 2429 1591 2485 similitudinem
1635 2429 1893 2485 undarum
1949 2430 2188 2486 elemen-

583 2526 743 2573 tum:
773 2532 880 2573 non
923 2517 1082 2575 habet
1126 2520 1285 2578 unde.
1325 2520 1427 2576 Det
1470 2521 1600 2576 mihi
1639 2520 2042 2578 similitudinem
2081 2522 2185 2578 ali-

585 2607 731 2679 quod
770 2609 965 2665 animal
997 2627 1011 2664 :
1044 2626 1145 2666 nec
1182 2610 1286 2667 hoc
1322 2621 1516 2683 potest.
1566 2613 1778 2669 Animal
1824 2613 2037 2685 quidem
2086 2628 2183 2684 ge-

588 2711 767 2766 nerat,
797 2709 851 2757 et
881 2701 1023 2772 quod
1050 2711 1291 2773 generat,
1315 2713 1369 2760 et
1397 2704 1541 2775 quod
1570 2714 1890 2775 generatur:
1914 2704 2010 2761 sed
2038 2704 2184 2776 prior

585 2803 671 2849 est
696 2804 871 2865 pater,
913 2803 969 2850 et
993 2803 1179 2865 postea
1206 2799 1443 2852 nascitur
1466 2796 1627 2852 illius.
1668 2797 2005 2854 luveniamus
2037 2811 2181 2854 coae-

581 2899 733 2949 vum,
763 2892 817 2940 et
839 2884 1122 2941 credamus
1142 2894 1493 2942 coaaternum.
1520 2887 1577 2943 Si
1596 2890 1924 2958 potuerimus
1939 2888 2183 2945 invenire

579 2985 794 3047 patrem
820 2990 1059 3031 cetevum
1090 2976 1201 3031 filio
1228 2990 1348 3045 suo,
1377 2985 1433 3032 et
1448 2976 1615 3031 lilium
1633 2992 1874 3033 coaevum
1896 2979 2178 3049 patrisuo;

586 3067 873 3123 credamus
900 3068 1068 3122 Deum
1098 3067 1310 3123 Patrem
1334 3082 1576 3123 coaevum
1607 3067 1743 3124 Filio
1768 3083 1868 3126 suo
1885 3109 1900 3135 ,
1935 3076 1992 3124 et
2013 3069 2183 3125 Deum

587 3156 785 3214 Filium
822 3167 1149 3214 comternum
1190 3158 1335 3213 Patri
1362 3172 1481 3214 suo.
1516 3158 1575 3214 ln
1602 3167 1741 3215 terra
1770 3173 2053 3230 possumus
2096 3160 2181 3214 in-

583 3251 773 3307 venire
828 3251 1060 3322 aliquem
1104 3264 1343 3307 coaevum
1368 3292 1384 3318 ,
1425 3264 1531 3306 non
1598 3266 1880 3321 possumus
1942 3248 2184 3306 invenire

587 3341 820 3411 aliquem
873 3351 1221 3398 coaeternum.
1270 3341 1611 3398 lntendamus
1649 3357 1885 3399 coaevum
1909 3384 1927 3412 ,
1969 3350 2025 3399 et
2059 3357 2183 3400 cre-

588 3432 781 3487 damus
816 3443 1163 3490 coazternum.
1206 3434 1443 3492 lntentos
1484 3451 1582 3491 vos
1621 3436 1781 3493 faciet
1816 3436 1955 3493 forte
1990 3437 2183 3510 aliquis

589 3532 647 3581 et
671 3524 845 3581 dicet‘
872 3543 885 3579 :
916 3526 1142 3592 Quando
1166 3536 1344 3598 potest
1366 3526 1598 3583 inveniri
1634 3537 1785 3598 pater
1822 3543 2034 3585 coaavus
2073 3529 2183 3585 tilio

592 3631 723 3683 suo,
754 3626 846 3672 aut
892 3618 1035 3673 lilius
1075 3632 1290 3674 coaevus
1318 3619 1455 3689 patri
1493 3620 1634 3673 suo?
1663 3619 1732 3677 Ut
1758 3629 1980 3691 generet
2005 3630 2180 3692 pater,

593 3708 863 3765 antecedit
913 3717 1107 3776 aetate;
1157 3717 1216 3765 ut
1245 3718 1493 3766 nascatur
1524 3711 1685 3779 filius,
1716 3712 1955 3782 sequitur
1978 3721 2135 3769 aetate
2164 3730 2180 3769 :

591 3798 691 3854 sed
720 3798 807 3853 hic
832 3813 1047 3854 coaevus
1074 3808 1228 3869 pater
1254 3799 1387 3867 lilio,
1419 3800 1502 3857 vel
1539 3800 1679 3855 lilius
1705 3802 1861 3873 patri,
1912 3802 2184 3873 quomodo

590 3898 772 3959 potest
794 3890 948 3946 esse?
976 3888 1234 3947 Occurrat
1263 3891 1418 3948 vobis
1441 3892 1579 3963 ignis
1606 3902 1777 3964 pater,
1808 3893 2064 3965 splendor
2113 3896 2181 3950 ti-

592 3982 730 4049 lius;
757 3997 881 4039 ecce
903 3983 1203 4040 invenimus
1229 3998 1462 4041 coaevos.
1503 3985 1584 4041 Ex
1608 4000 1715 4057 quo
1735 3986 1874 4057 ignis
1902 4002 2023 4044 esse
2070 4002 2183 4046 cm-

589 4073 689 4144 pit,
712 4074 966 4131 continuo
990 4074 1329 4147 splendorem
1350 4078 1517 4150 gignit
1542 4095 1557 4134 :
1580 4092 1681 4133 nec
1700 4078 1836 4149 ignis
1856 4087 1981 4136 ante
2003 4080 2184 4151 splen-

589 4162 799 4233 dorem,
824 4181 925 4222 nec
944 4166 1195 4236 splendor
1223 4178 1344 4239 post
1363 4169 1562 4245 ignem.
1591 4170 1661 4226 Et
1683 4170 1730 4226 si
1761 4171 2177 4244 interrogemus,

591 4256 713 4325 quis
733 4271 891 4327 quem
920 4268 1163 4327 generat,
1194 4259 1331 4329 ignis
1376 4260 1739 4331 splendorem,
1788 4272 1881 4318 aut
1927 4263 2183 4334 splendor

590 4346 771 4417 ignem
796 4363 810 4411 ;
861 4348 1115 4403 continuo
1138 4349 1290 4405 vobis
1318 4351 1553 4407 occurrit
1580 4367 1741 4409 sensu
1770 4354 2016 4422 naturali,
2057 4371 2184 4426 pru-

590 4436 773 4493 dentia
799 4436 956 4492 insita
981 4438 1249 4495 mentibus
1277 4442 1486 4509 vestris,
1514 4457 1701 4499 omnes
1729 4444 1971 4501 clamatis
1995 4462 2009 4500 :
2041 4444 2183 4517 Ignis

590 4526 969 4598 splendorem,
1001 4544 1109 4585 non
1148 4530 1403 4602 splendor
1434 4534 1634 4604 ignem.
1675 4534 1815 4592 Ecce
1855 4545 2008 4607 pater
2045 4537 2183 4594 inci-

588 4622 767 4689 piens,
799 4635 925 4677 ecce
954 4621 1093 4678 filius
1111 4622 1292 4690 simul,
1314 4638 1413 4681 nec
1432 4625 1774 4693 antecedens,
1802 4642 1903 4684 nec
1928 4643 2180 4699 sequens.

591 4713 731 4771 Ecce
756 4728 885 4785 ergo
904 4722 1055 4785 pater
1081 4715 1363 4787 incipiens,
1388 4730 1512 4773 ecce
1541 4716 1681 4773 filius
1705 4718 1863 4773 simul
1897 4719 2179 4791 incipiens.

590 4803 651 4859 Si
674 4805 885 4861 ostendi
912 4808 1062 4863 vobis
1090 4816 1298 4879 patrem
1324 4808 1665 4880 incipientem
1685 4851 1701 4878 ,
1730 4818 1786 4867 et
1821 4810 1989 4869 filium
2024 4813 2184 4872 simul

593 4896 971 4964 incipientem;
993 4898 1195 4955 credite
1220 4898 1432 4956 Patrem
1459 4915 1565 4956 non
1590 4902 1952 4974 incipientem,
1986 4914 2183 4963 etcum

590 4986 687 5040 illo
717 4986 910 5043 Filium
950 5005 1048 5046 nec
1087 4991 1261 5061 ipsum
1302 4993 1672 5064 incipientem;
1715 4996 1862 5052 illum
1900 5006 2178 5067 aeternum,

593 5079 747 5135 illum
772 5090 1117 5138 coaeternum.
1148 5084 1206 5140 Si
1236 5086 1514 5156 proficitis,
1542 5089 1834 5161 intelligitis
1863 5107 1878 5146 :
1905 5090 2031 5148 date
2055 5107 2184 5163 ope-

594 5187 707 5227 ram
738 5173 1019 5243 proticere.
1040 5173 1198 5232 Nasci
1219 5176 1448 5247 habetis,
1470 5180 1563 5236 sed
1593 5190 1648 5238 et
1672 5198 1918 5240 crescere
1941 5182 2181 5251 debetis;

592 5264 715 5335 quia
762 5280 923 5321 nemo
966 5267 1151 5337 incipit
1190 5283 1221 5323 a
1263 5269 1520 5339 perfecto.
1557 5273 1652 5330 Dei
1691 5274 1826 5331 Filio
1855 5275 2004 5332 licuit
2033 5277 2184 5332 nasci

589 5358 923 5427 perlectum;
968 5362 1090 5432 quia
1117 5371 1272 5419 natus
1297 5375 1378 5421 est
1402 5367 1517 5423 sine
1555 5376 1829 5439 tempore,
1882 5380 2182 5427 coaeternus

591 5451 757 5519 Patri,
786 5454 1107 5511 antecedens
1146 5461 1343 5526 omnia,
1386 5474 1492 5514 non
1520 5468 1695 5527 aetate,
1728 5460 1822 5516 sed
1860 5463 2176 5519 aeternitate.

590 5544 700 5601 Iste
721 5561 850 5618 ergo
890 5556 1046 5603 natus
1079 5549 1224 5606 Patri
1249 5558 1570 5618 coaaternus,
1604 5551 1672 5607 de
1710 5568 1811 5623 qua
1837 5554 2182 5624 generatione

591 5635 731 5693 dixit
756 5639 1035 5710 propheta,
1066 5639 1447 5699 Generationem
1463 5644 1572 5715 ejus
1600 5644 1711 5714 quis
1740 5646 1992 5701 enarrabit
2024 5646 2178 5715 (Isai.

591 5745 700 5797 un,
730 5731 824 5801 8)?
864 5740 1018 5789 natus
1046 5733 1114 5789 de
1142 5734 1299 5790 Patre
1342 5734 1457 5791 sine
1498 5744 1757 5806 tempore,
1802 5746 1958 5793 natus
2000 5748 2177 5796 estex

656 5844 675 5877 ³
707 5850 837 5906 lss.,
866 5850 1068 5897 lntentos
1089 5859 1170 5896 vos
1188 5846 1344 5908 faciet.
1373 5853 1511 5900 Forte
1535 5846 1709 5915 aliquis
1733 5848 1868 5901 dicit.

1750 384 1837 442 DE
1876 383 2208 455 SYMBOLO,
2249 388 2307 442 S.
2348 385 2713 443 AUGUSTINI
3705 403 3781 464 πί

2288 501 2491 571 virgine
2535 502 2589 556 in
2638 501 2967 572 plenitudine
3013 505 3285 575 temporis.
3336 503 3488 564 Istam
3526 513 3779 577 nativitatem

2287 602 2686 650 antecesserant
2702 604 2961 665 tempora.
2984 595 3389 669 Opportunitate
3414 609 3640 676 temporis
3659 626 3783 680 quan.

2289 684 2360 740 do
2390 687 2578 754 voluit,
2603 688 2815 758 quando
2842 690 3073 759 sciebat,
3113 700 3237 747 tunc
3265 703 3422 749 natus
3448 706 3525 750 est
3546 714 3558 750 :
3580 714 3667 754 non
3684 704 3783 760 extim

2287 778 2476 833 nolens
2502 787 2656 836 natus
2683 790 2785 835 est.
2804 780 2974 837 Nemo
2992 792 3230 840 nostrum
3250 786 3374 856 quia
3402 788 3509 845 vult
3530 793 3785 860 nascitur,et

2286 885 2447 928 nemo
2476 882 2717 929 nostrum
2747 872 2960 945 quando
2990 877 3105 932 vult
3124 879 3386 935 moritur:
3416 881 3499 937 ille
3522 885 3699 954 quando
3721 902 3787 942 ro-

2288 962 2386 1020 luit
2406 973 2561 1020 natus
2586 973 2687 1031 est,
2717 967 2932 1038 quando
2966 968 3137 1024 voluit
3171 980 3416 1027 mortuus
3442 983 3550 1039 est;
3589 980 3787 1043 quomodo

2286 1054 2454 1111 voluit
2477 1065 2633 1111 natus
2657 1065 2739 1112 est
2767 1056 2835 1114 de
2865 1058 3087 1129 virgine,
3114 1061 3383 1130 quomodo
3421 1063 3580 1119 voluit
3614 1077 3789 1123 mortqu

2287 1153 2371 1202 est
2398 1145 2453 1200 in
2481 1161 2659 1202 cruce.
2687 1147 2954 1220 Quidquid
2977 1150 3145 1206 voluit
3174 1150 3299 1208 fecit
3327 1170 3342 1207 :
3374 1155 3492 1225 quia
3515 1157 3584 1212 sic
3614 1160 3789 1216 eratbe-

2287 1250 2396 1303 mo,
2421 1243 2476 1290 ut
2499 1235 2688 1293 lateret
2709 1238 2882 1306 Deus;
2910 1251 3187 1312 susceptor
3206 1243 3372 1310 Deus,
3393 1257 3646 1318 susceptus
3662 1250 3789 1319 homo,

2286 1344 2425 1385 unus
2452 1329 2698 1387 Christus
2724 1332 2864 1390 Deus
2884 1342 2939 1390 et
2962 1333 3143 1392 homo.

2357 1421 2412 1477 9.
2457 1422 2532 1478 De
2558 1438 2717 1480 cruce
2743 1425 2909 1497 ipsius
2934 1427 3059 1499 quid
3100 1428 3329 1501 loquar?
3364 1430 3489 1502 quid
3510 1432 3690 1489 dicam?
3719 1435 3793 1491 Et-

2288 1521 2515 1569 tremum
2541 1530 2710 1585 genus
2736 1519 2925 1574 mortis
2946 1519 3132 1592 elegit,
3164 1536 3233 1577 ne
3259 1522 3475 1594 aliquod
3497 1540 3645 1596 genus
3660 1530 3794 1583 mortis

2287 1606 2402 1677 ejus
2428 1617 2692 1679 martyres
2718 1608 3085 1669 formidarent.
3111 1613 3421 1671 Doctrinam
3449 1617 3712 1674 ostenditin
3730 1619 3794 1674 ho-

2288 1699 2452 1765 mine,
2475 1701 2778 1771 exemplum
2802 1704 3069 1774 patientia:
3097 1706 3486 1765 demonstravit
3507 1710 3556 1766 in
3577 1726 3722 1767 cruce.
3745 1713 3793 1770 lbi

2286 1805 2441 1862 opus,
2471 1792 2592 1862 quia
2627 1794 2913 1852 crucifixus
2940 1814 2953 1851 :
2984 1799 3293 1870 exemplum
3326 1803 3521 1872 operis,
3552 1820 3795 1877 eruum.

2286 1882 2453 1937 mium
2484 1884 2684 1953 operis,
2733 1890 3075 1945 resurrectio.
3129 1889 3379 1949 Ostendit
3425 1893 3571 1950 nobis
3610 1895 3656 1951 in
3684 1912 3793 1953 cruce

2287 1974 2418 2045 quid
2449 1976 2697 2044 tolerare,
2739 1978 2975 2036 ostendit
3002 1980 3056 2037 in
3080 1983 3477 2040 resurrectione
3507 1983 3621 2055 quid
3640 2001 3793 2056 sperate

2286 2065 2597 2123 debeamus.
2657 2069 2887 2128 Prorsus
2951 2082 3202 2145 tanquam
3263 2075 3576 2145 agonotlieta
3621 2091 3794 2132 summus

2285 2156 2421 2213 dixit
2446 2176 2464 2212 :
2495 2159 2622 2227 Fac,
2651 2169 2705 2217 et
2744 2161 2905 2229 tolle;
2958 2163 3042 2220 fac
3087 2179 3253 2236 opus,
3283 2175 3342 2224 et
3361 2168 3539 2239 accipe
3564 2171 3791 2240 premium;

2286 2260 2434 2306 certa
2464 2252 2516 2307 in
2547 2268 2735 2324 agone,
2758 2264 2813 2311 et
2835 2258 3202 2315 coronaberis.
3232 2259 3392 2328 Quod
3411 2272 3491 2318 est
3514 2263 3664 2334 Opus?
3698 2262 3791 2319 Obe-

2286 2341 2507 2400 dientia.
2535 2346 2687 2415 Quod
2714 2356 2797 2403 est
2813 2350 3132 2420 praemium?
3167 2352 3514 2411 Resurrectio
3535 2355 3638 2410 sine
3658 2364 3789 2410 morte

2286 2435 2461 2504 Quare
2482 2438 2678 2508 addidi,
2723 2442 2839 2499 sine
2866 2446 3079 2500 morte?
3105 2445 3243 2514 Quia
3277 2449 3510 2505 surrexit
3531 2448 3741 2513 Lazarus,
3758 2456 3791 2504 et
3838 2436 3839 2509 ξ

2287 2539 2531 2586 mortuus
2558 2541 2642 2588 est
2673 2535 3006 2591 :resurrexit
3028 2535 3309 2604 Christus,
3341 2542 3455 2612 jam
3494 2557 3587 2595 non
3622 2542 3790 2609 moritur,

2286 2638 2423 2678 mors
2459 2623 2506 2678 ei
2542 2625 2677 2679 ultra
2713 2642 2815 2681 non
2851 2628 3194 2686 dominabitur
3217 2631 3414 2707 (Rom.
3438 2649 3510 2703 Vt,
3536 2633 3613 2704 9).

2360 2714 2447 2771 10.
2487 2715 2759 2787 Scriptura
2784 2719 2913 2776 dicit
2941 2738 2955 2776 :
2988 2720 3305 2779 Patientia»:
3331 2725 3431 2781 Job
3457 2728 3663 2794 audistis,
3691 2734 3726 2779 et
3751 2725 3792 2793 ῤ-

2287 2820 2403 2860 nem
2421 2804 2630 2863 Domini
2656 2810 2851 2866 vidistis
2870 2811 3160 2885 (Jacobijv,
3192 2816 3325 2888 il).
3351 2816 3453 2874 Job
3478 2825 3651 2889 quanta
3666 2826 3790 2888 pertu-
3838 2802 3839 2889 ῐ

2286 2898 2580 2969 lerit,,cum
2607 2901 2801 2976 legitur
2823 2916 2877 2962 et
2894 2907 3231 2976 exhorretur,
3252 2911 3789 2982 expavescitur,eontre-

2285 2989 2585 3048 miscitur‘.
2628 2992 2699 3050 Et
2722 2996 2848 3067 quid
2888 2999 3124 3070 recepit?
3163 3000 3342 3073 Dupla
3368 3017 3522 3074 quam
3547 3000 3788 3074 perdiderat.

2288 3081 2433 3153 Ergo
2458 3099 2527 3139 ne
2552 3083 2713 3142 homo
2734 3098 2950 3159 propter
2961 3091 3177 3162 prmmia
3204 3096 3519 3166 temporalia
3534 3094 3789 3151 velitlubere

2286 3176 2628 3246 patientiam,
2656 3182 2711 3235 et
2733 3179 2875 3237 dicat
2897 3183 2998 3239 sibi
3031 3201 3045 3237 :
3074 3184 3327 3244 Tolerem
3360 3187 3631 3257 damnum,
3664 3184 3790 3244 reddet

2287 3267 2418 3323 mihi
2444 3270 2583 3327 Deus
2599 3271 2737 3330 lilios
2751 3273 2963 3345 duplos;
2983 3276 3084 3334 Job
3100 3280 3282 3335 omnia
3298 3279 3460 3352 dupla
3479 3280 3672 3352 recepit,
3685 3286 3725 3334 et
3740 3283 3791 3331 tot

2288 3357 2427 3415 filios
2440 3363 2643 3432 genuit,
2658 3372 2787 3435 quot
2804 3367 3088 3424 extulerat.
3101 3368 3218 3426 Non
3237 3386 3372 3443 ergo
3387 3372 3538 3443 dupla
3552 3367 3790 3426 suntiPror-

2288 3468 2383 3511 sus
2401 3454 2559 3526 dupla
2579 3466 2723 3526 sunt,
2738 3460 2862 3532 quia
2885 3467 2939 3517 et
2954 3461 3028 3517 illi
3053 3463 3327 3521 vivebant.
3344 3464 3423 3522 Ne
3436 3466 3549 3538 quis
3569 3463 3701 3530 dicat,
3720 3460 3788 3516 Fc.

2286 3560 2403 3602 ram
2430 3548 2569 3604 mala
2591 3592 2607 3618 ,
2634 3559 2690 3606 et
2716 3551 2904 3609 reddet
2936 3553 3067 3610 mihi
3095 3554 3241 3613 Deus
3270 3555 3681 3629 quemadmodum
3710 3550 3789 3609 ται·

2286 3639 2423 3696 didit
2446 3641 2549 3698 Job
2572 3659 2587 3697 :
2608 3652 2668 3698 ut
2690 3643 2802 3715 jam
2827 3660 2934 3701 non
2963 3647 3034 3702 sit
3053 3647 3331 3717 patientia,
3359 3648 3454 3705 sed
3477 3642 3786 3704 avaritiam

2287 3734 2335 3791 si
2362 3735 2663 3805 patientiam
2705 3738 2795 3794 ille
2823 3748 3040 3797 sanctus
3077 3754 3185 3797 non
3235 3741 3477 3810 haberet,
3504 3755 3595 3797 nec
3626 3753 3678 3795 es
3708 3747 3787 3807 (ιω
3838 3734 3839 3810 ξ

2288 3827 2670 3898 contingebant
2713 3828 2922 3886 fortiter
2962 3830 3288 3900 sustineret;
3330 3830 3658 3890 testimonium
3691 3819 3785 3896 quod

2288 3920 2339 3975 ei
2369 3920 2626 3977 Dominus
2651 3919 2901 3991 reddidit,
2940 3923 3083 3980 unde
3129 3922 3395 3982 haberet?
3436 3914 3779 3980 Auinwdrertiw',
3838 3920 3839 3991 ᾖ

2287 4016 2363 4072 ait
2382 4016 2658 4083 Dominus,
2685 4017 2754 4071 ad
2776 4034 2989 4088 puerum
3015 4034 3182 4074 meum
3215 4018 3362 4075 Job?
3391 4017 3508 4074 Non
3533 4019 3646 4072 enim
3664 4018 3718 4066 est
3736 4005 3784 4061 illi

2287 4107 2467 4163 similis
2492 4108 2753 4181 quisquam
2773 4109 2827 4164 in
2857 4110 3023 4179 terris,
3046 4111 3196 4167 homo
3218 4112 3333 4168 sine
3352 4110 3561 4182 querela,
3586 4119 3700 4162 mut
3722 4096 3783 4153 Μ

2287 4202 2469 4256 cultor.
2501 4202 2689 4271 Quale,
2727 4201 2940 4271 fratres,
2974 4205 3341 4262 testimonium
3368 4205 3452 4261 hic
3477 4211 3662 4260 sanctus
3682 4196 3775 4250 vita

2289 4293 2517 4351 Domino
2536 4296 2764 4352 meruit?
2790 4296 2859 4353 Et
2882 4306 3059 4355 tamen
3078 4315 3202 4355 eum
3229 4314 3330 4355 sua
3362 4296 3669 4370 persuasione
3687 4286 3777 4346 mala

2288 4387 2483 4444 mulier
2508 4386 2761 4459 decipere
2785 4388 2972 4458 voluit,
3014 4390 3217 4447 habens
3242 4400 3298 4447 et
3342 4390 3455 4445 hac
3477 4388 3665 4459 ligurem
3685 4378 3777 4435 illius

2287 4480 2575 4553 serpentis,
2600 4482 2690 4554 qui
2718 4483 2855 4538 sicut
2879 4482 2933 4538 in
2955 4483 3202 4554 paradlso
3223 4482 3433 4554 decepit
3458 4479 3688 4537 hominem
3708 4469 3777 4541 pri-

2288 4588 2436 4628 mum
2468 4573 2661 4629 factum
2704 4589 2735 4629 a
2781 4574 2891 4630 Deo
2933 4573 3100 4647 (Gen.
3132 4590 3211 4643 ut,
3244 4573 3396 4647 1-6),
3439 4575 3505 4629 ita
3528 4570 3663 4627 etiam
3682 4570 3775 4619 nunc

2288 4663 2673 4734 blasphemiam
2708 4666 3042 4738 suggerendo
3064 4667 3269 4737 putavit
3290 4681 3445 4739 posse
3470 4663 3680 4733 decipere
3699 4651 3774 4725 Ρ¹²⁸

2287 4766 2498 4815 centem
2541 4758 2812 4815 hominem
2843 4760 2975 4815 Deo.
3023 4759 3230 4828 Quanta
3268 4774 3449 4832 passus
3484 4767 3575 4824 est,
3612 4743 3770 4808 fratresl

2289 4851 2419 4919 Quis
2444 4860 2618 4923 potest
2647 4861 2791 4908 tanta
2821 4854 2928 4923 pati
2958 4854 3014 4909 in
3058 4868 3117 4910 re
3141 4868 3257 4922 sua,
3290 4854 3342 4908 in
3388 4851 3536 4907 domo
3558 4859 3653 4912 sua,
3670 4843 3709 4897 in
3729 4835 3771 4890 ﬁ-

2288 4944 2375 5001 liis
2403 4945 2534 5013 suis,
2564 4946 2616 5001 in
2642 4960 2801 5002 carne
2830 4961 2947 5014 sua,
2993 4947 3046 5001 in
3096 4946 3210 5018 ipsa
3248 4962 3364 5017 qua:
3392 4943 3673 5001 remanserat
3690 4941 3768 4986 ten.
3838 4954 3839 5009 ξ

2290 5039 2478 5095 tatrice
2501 5054 2666 5095 uxore
2700 5055 2793 5095 sua
2809 5040 2834 5092 Ἰ
2865 5038 2970 5096 Sed
2991 5039 3151 5095 etiam
3182 5038 3351 5109 ipsam
3375 5051 3485 5107 quae
3505 5028 3767 5122 retnanscﬂtl.

2290 5132 2417 5187 olim
2475 5131 2727 5199 auferret,
2777 5132 2882 5188 nisi
2924 5131 3240 5202 adiutricem
3265 5132 3363 5187 sibi
3402 5124 3763 5185 servassetttlu“

2291 5225 2520 5296 Primum
2550 5225 2819 5281 hominem
2841 5241 2936 5296 per
2963 5224 3128 5281 Evam
3155 5224 3515 5285 debellaverat,
3538 5214 3764 5272 Eram“!-

2294 5324 2530 5372 vaverat.
2555 5315 2760 5385 Quanta
2780 5330 2908 5387 ergo
2933 5331 3120 5387 passus
3147 5318 3255 5372 est!
3279 5309 3501 5370 Perdidit
3523 5300 3662 5361 enini:
3682 5302 3762 5364 απ

2290 5410 2542 5480 habebat,
2568 5411 2759 5467 domus
2797 5410 2963 5481 ipsius
2987 5409 3211 5477 cecidit;
3241 5410 3433 5465 utinam
3458 5400 3577 5458 sola!
3602 5396 3758 5463 ομνια·

2290 5506 2361 5560 sit
2384 5514 2438 5561 et
2463 5504 2621 5561 filios.
2654 5503 2720 5559 Et
2742 5502 2866 5574 quia
2894 5506 2947 5558 in
2995 5502 3088 5559 illo
3114 5500 3363 5575 patientia
3401 5502 3611 5565 maguum
3636 5482 3755 5537 locum

2356 5663 2374 5735 ξ
2407 5664 2481 5735 sic
2509 5659 2776 5735 legendo"!
2789 5660 3027 5735 ivssa:
3049 5656 3424 5735 Lagi-.95.
3441 5635 3751 5735 ﬁtﬁﬁ

2290 5707 2476 5799 επειεῆζ
2514 5707 2774 5799 ιέὲῑίλὲξέῐ

2289 5760 2696 5856 insanam
2722 5760 2906 5856 sua".
3530 5760 3747 5818 αμοηειιιο

2293 5847 2642 5913 expatesritur,
2666 5847 3060 5901 contremiscam.
3124 5851 3184 5899 ll.
