3860 6284
101 410 187 472 633

101 531 321 588 tenuerat,
339 518 460 592 quid
481 507 820 585 responderit
845 507 956 573 ille,
973 503 1154 558 audite
1173 517 1187 553 :
1207 498 1456 552 Dominus
1471 493 1633 558 dedit,

103 620 306 675 Dominus
331 610 568 674 abstulit;
598 607 723 661 sicut
744 599 962 656 Domino
991 594 1202 666 placuit,
1224 592 1298 645 ita
1321 593 1511 660 factum
1529 593 1599 639 est
1617 599 1636 638 :
1687 641 1691 644 _

101 717 151 768 sit
196 723 356 763 nomen
397 701 609 757 Domini
651 695 984 752 benedictum.
1029 685 1262 744 Abstulit
1309 697 1427 753 quae
1469 678 1634 743 dedit,

101 797 310 870 numquid
350 792 508 864 periit
535 791 628 861 qui
653 785 836 844 dedit?
882 779 1112 839 Abstulit
1145 791 1265 847 qua:
1303 773 1470 829 dedit.
1494 770 1640 824 Tan-

100 862 228 967 quam
245 862 471 945 diceret:
500 880 742 938 Abstulit
765 877 964 941 omnia,
996 870 1203 929 auferat
1221 867 1419 932 omnia,
1444 862 1641 918 nudum

100 953 286 1040 dimittat
336 992 442 1041 nte,
499 983 558 1030 et
607 978 782 1028 servet
824 967 957 1023 mihi
1008 979 1087 1020 se.
1130 958 1269 1028 Quid
1321 957 1465 1014 enim
1512 953 1644 1010 mihi

98 1076 250 1138 deerit,
275 1073 316 1127 si
343 1071 510 1124 Deum
539 1061 819 1120 habuero?
840 1067 931 1113 aut
955 1053 1083 1127 quid
1108 1051 1241 1108 mihi
1265 1049 1369 1105 alia
1397 1051 1640 1118 prosunt,

98 1175 129 1223 si
151 1168 294 1220 Deum
323 1175 426 1215 non
450 1154 724 1212 habuero?
754 1153 1047 1207 Accessum
1072 1150 1156 1200 est
1178 1140 1246 1197 ad
1267 1152 1506 1204 carnem,
1532 1149 1648 1206 per-

100 1270 249 1312 cassus
273 1260 352 1309 est
380 1249 610 1304 vulnere
653 1260 684 1299 a
714 1242 888 1314 capite
931 1251 1104 1309 usque
1156 1233 1224 1289 ad
1275 1231 1471 1302 pedes;
1499 1226 1647 1284 sanie

99 1345 345 1409 difï¬‚uebat,
375 1338 655 1395 vermibus
680 1331 959 1390 scatebat:
998 1336 1052 1383 et
1097 1340 1156 1382 se
1182 1325 1235 1380 in
1268 1323 1382 1378 Deo
1407 1333 1506 1376 suo
1542 1318 1646 1373 im-

101 1439 304 1494 mobilem
342 1427 757 1488 demonstrabat
785 1433 944 1494 atque
969 1418 1184 1491 ligebat.
1213 1412 1394 1470 Voluit
1421 1410 1499 1466 illi
1527 1424 1647 1464 mu-

104 1534 185 1596 lier,
203 1524 386 1582 diaboli
414 1520 677 1592 adjutrix,
703 1531 812 1572 non
837 1511 1018 1570 mariti
1053 1505 1397 1569 consolatrix,
1428 1514 1650 1573 persua-

105 1624 192 1677 dere
215 1613 601 1686 blasphemiam
627 1628 641 1664 :
691 1605 966 1674 Quamdiu,
1000 1599 1191 1670 inquit,
1222 1598 1321 1653 ista
1350 1603 1397 1650 et
1437 1595 1534 1649 ista
1555 1608 1650 1662 pa-

100 1711 222 1766 teris?
260 1708 352 1763 Dic
398 1703 616 1774 aliquod
657 1699 862 1755 verbum
901 1697 954 1750 in
1002 1692 1298 1754 Dominum,
1338 1696 1386 1742 et
1433 1698 1648 1740 morere.

101 1806 206 1874 Ergo
239 1801 351 1872 quia
387 1795 708 1859 humiliatus
745 1797 895 1856 erat,
927 1783 1240 1842 exaltandus
1265 1789 1405 1836 erat.
1430 1778 1499 1832 Et
1524 1774 1654 1831 fecit

99 1868 177 1951 hoc
216 1868 481 1955 Dominus,
531 1894 596 1941 ut
637 1880 946 1938 ostenderet
991 1873 1340 1931 hominibus:
1369 1884 1493 1924 nam
1535 1868 1653 1938 ipse

99 2001 218 2043 servo
240 1997 332 2039 suo
352 1982 409 2036 in
448 1977 598 2036 ctelo
640 1975 842 2044 majora
870 1967 1124 2026 servavit.
1152 1965 1294 2035 Ergo
1321 1960 1655 2017 humiliatum

100 2080 178 2135 Job
212 2074 473 2139 exaltavit,
534 2070 743 2127 elatum
791 2063 1063 2121 diabolum
1115 2054 1414 2113 humiliavit
1464 2070 1479 2108 :
1532 2049 1656 2122 quia

100 2175 200 2227 huic
223 2169 480 2232 transiliat,
533 2173 583 2219 et
614 2163 747 2217 hunc
787 2157 977 2215 exultat
1023 2151 1195 2225 (Psal.
1242 2143 1534 2216 Lxxw,8).
1579 2142 1660 2199 Ne

101 2267 191 2336 quis
209 2273 371 2319 autem
394 2301 414 2330 ,
442 2257 649 2314 fratres
679 2249 1002 2314 charissimi,
1034 2242 1250 2316 quando
1274 2240 1479 2310 aliquas
1512 2235 1657 2305 ejus-

101 2328 212 2413 modi
231 2328 418 2428 patitur
449 2348 850 2408 tribulationes,
879 2342 968 2398 hic
1003 2344 1280 2408 exspectet
1305 2328 1609 2388 mercedem
1640 2343 1655 2382 :

107 2424 431 2522 verbi-gratia,
465 2445 514 2502 si
567 2442 762 2498 damna
806 2437 983 2508 aliqua
1036 2431 1286 2503 patiatur,
1316 2441 1383 2482 ne
1429 2424 1567 2478 forte
1595 2435 1662 2476 eo

101 2513 424 2604 animo'dicat,
455 2533 716 2592 Dominus
746 2527 902 2592 dedit,
956 2524 1208 2579 Dominus
1250 2514 1492 2578 abstulit;
1532 2513 1663 2566 sicut

105 2637 286 2693 Domino
313 2631 528 2706 placuit,
560 2628 632 2681 ita
653 2629 843 2696 factum
868 2628 970 2676 est:
997 2618 1062 2672 sit
1082 2629 1266 2669 nomen
1288 2605 1494 2663 Domini
1517 2604 1665 2659 bene-

104 2730 274 2794 dictum,
301 2694 358 2780 ut
382 2694 616 2792 duplum
645 2694 891 2784 accipiat.
941 2706 1201 2766 Patientia
1247 2703 1414 2758 Deum
1461 2694 1662 2761 laudet,

108 2838 191 2878 non
211 2788 438 2876 avaritia.
463 2788 531 2871 Si
565 2827 626 2868 ea
652 2823 773 2880 quae
799 2800 1095 2878 perdidisti,
1122 2796 1281 2867 dupla
1309 2792 1506 2864 quaeris
1531 2788 1668 2844 reci-

105 2928 222 2983 pere,
247 2921 297 2968 et
320 2909 440 2965 ideo
460 2906 643 2962 Deum
663 2897 882 2962 laudas;
917 2893 985 2950 de
1008 2888 1297 2962 cupiditate
1322 2883 1528 2946 laudas,
1552 2893 1661 2934 non

103 2970 154 3061 ile
188 3002 457 3060 charitate.
511 2994 638 3052 Non
691 2990 786 3046 tibi
833 2992 1078 3043 occurrat
1136 2980 1302 3052 ipsius
1344 2974 1513 3031 sancti
1567 2970 1669 3026 viri

105 3094 394 3166 exemplum;
415 3088 564 3144 fallis
589 3093 662 3140 te.
694 3078 918 3148 Quando
941 3075 1042 3132 Job
1061 3072 1240 3129 omnia
1270 3065 1553 3131 tolerabat,
1571 3061 1670 3117 du-

106 3191 173 3261 pla
192 3162 287 3246 non
313 3183 592 3258 sperabat.
623 3179 691 3234 Et
712 3177 763 3232 in
789 3175 962 3245 prima
995 3169 1110 3238 ejus
1129 3162 1472 3222 confessione
1499 3171 1670 3228 quan-

107 3249 159 3336 do
177 3249 361 3337 damna
374 3273 605 3349 pertulit
629 3279 683 3327 et
718 3267 855 3322 filios
882 3261 1099 3325 extulit,
1125 3267 1180 3314 et
1208 3257 1261 3312 in
1289 3249 1524 3309 secunda
1547 3262 1670 3303 cum

107 3373 189 3444 iam
219 3380 472 3429 tormenta
520 3365 801 3420 vulnerum
851 3362 1122 3427 pateretur
1163 3350 1216 3403 in
1257 3359 1440 3410 carne,
1485 3349 1664 3413 potest

107 3465 275 3520 adverti
293 3461 430 3533 quod
460 3459 612 3514 dico.
639 3448 844 3508 Prioris
875 3447 993 3515 ejus
1026 3435 1378 3499 confessionis
1401 3433 1517 3488 htec
1544 3445 1670 3486 ver-

109 3556 159 3611 ba
183 3521 330 3612 sunt;
360 3551 618 3607 Dominus
660 3543 819 3607 dedit,
864 3537 1109 3596 Dominus
1138 3529 1384 3592 abstulit;
1406 3526 1534 3583 sicut
1562 3521 1675 3576 Do-

110 3649 218 3702 mino
243 3645 446 3716 placuit,
472 3643 551 3695 ita
578 3643 772 3711 factum
809 3641 884 3687 est
926 3648 938 3684 :
980 3628 1045 3682 sit
1090 3639 1272 3680 nomen
1301 3618 1507 3675 Domini
1532 3616 1677 3670 bene.

113 3709 285 3795 dictum.
332 3709 790 3793 Poteratrdicere
829 3742 842 3780 :
891 3721 1152 3778 Dominus
1205 3714 1370 3781 dedit,
1418 3709 1678 3767 Dominus

115 3833 328 3896 abstulit;
350 3834 539 3902 potest
563 3825 756 3878 iterum
785 3817 916 3874 dare
945 3815 1035 3885 qui
1056 3809 1299 3875 abstulit,
1326 3812 1505 3878 potest
1528 3802 1680 3873 plura

118 3893 534 3992 revocardquam
567 3914 705 3970 tulit.
733 3910 853 3966 Non
874 3907 978 3962 hoc
1008 3903 1161 3969 dixit,
1188 3899 1306 3964 sed,
1336 3898 1466 3954 sicut
1497 3893 1679 3948 Domi-

115 4032 167 4068 no
191 3984 396 4085 placuit,
421 4009 620 4079 inquit,
647 4005 719 4058 ita
739 4006 929 4074 [actum
967 4005 1040 4052 est
1070 4010 1088 4049 :
1113 3992 1235 4063 quia
1267 3989 1316 4044 ei
1346 3988 1541 4059 placet,
1569 3984 1684 4054 pla-

119 4076 215 4161 ceat
236 4076 387 4170 mihi;
420 4076 571 4172 quod
597 4093 796 4168 placuit
820 4092 964 4148 bono
996 4084 1245 4150 Domino,
1275 4095 1380 4135 non
1407 4076 1686 4148 displiceat

120 4197 302 4252 subdito
325 4167 524 4256 serv-0;
565 4167 705 4260 quod
750 4181 948 4256 placuit
989 4175 1220 4240 medico,
1270 4186 1379 4227 non
1410 4167 1686 4238 displiceat

123 4299 312 4360 aegroto.
355 4288 535 4343 Aliam
562 4282 729 4354 ipsius
768 4274 898 4332 audi
926 4268 1320 4327 confessionem
1352 4281 1368 4318 :
1398 4260 1592 4314 Locuta
1610 4274 1684 4327 es,

126 4383 434 4454 inquituxori
463 4393 600 4442 sum,
625 4383 862 4443 tauquam
883 4383 985 4421 una
1008 4380 1070 4420 ea:
1088 4356 1439 4430 insipientibus
1466 4353 1690 4409 mulieri-

127 4447 218 4532 bus.
243 4477 298 4532 Si
321 4477 451 4530 bona
486 4467 798 4542 percepimus
835 4462 896 4516 de
925 4473 1077 4514 manu
1117 4451 1342 4514 Domini,
1372 4447 1507 4502 mala
1533 4460 1691 4515 quare

129 4584 210 4621 non
227 4535 568 4622 sustinebimus
597 4535 735 4630 (.lob.
773 4569 790 4610 Î¹
834 4561 889 4608 et
931 4548 1036 4621 n)?
1067 4545 1182 4602 Non
1214 4539 1438 4603 addidit,
1469 4535 1609 4608 quod
1632 4535 1679 4590 si

136 4660 329 4722 diceret,
356 4669 542 4712 verum
573 4651 794 4714 diceret,
825 4644 1020 4699 Potens
1046 4647 1129 4695 est
1156 4633 1416 4691 Dominus
1441 4638 1495 4685 et
1516 4640 1690 4682 meam

137 4767 322 4806 carnem
352 4752 406 4804 in
434 4744 715 4818 pristinum
742 4749 1017 4800 revocare,
1057 4740 1114 4786 et
1158 4726 1300 4800 quod
1327 4723 1480 4780 nobis
1508 4720 1695 4776 abstu-

140 4845 189 4896 lit
209 4843 552 4914 multiplicare
584 4856 598 4892 :
627 4851 696 4891 ne
724 4835 824 4890 ista
853 4844 948 4900 Spe
985 4827 1075 4882 illa
1119 4823 1376 4878 tolerasse
1401 4817 1691 4874 videretur.

139 4932 223 4989 ista
249 4909 538 4998 non-dixit,
565 4930 666 4984 ista
691 4941 797 4981 non
826 4919 1080 4993 speravit.
1108 4914 1215 4972 Sed
1248 4921 1309 4968 ut
1345 4927 1443 4966 nos
1469 4909 1697 4964 docereâ€”

141 5042 241 5081 mur
259 5069 274 5093 ,
307 5041 407 5082 non
435 5020 668 5094 speranti
696 5016 954 5073 Dominus
983 5007 1252 5081 praestitit,
1279 5019 1385 5075 quo
1414 5016 1512 5057 nos
1532 4999 1697 5054 doce-

144 5091 320 5185 remur,
350 5091 481 5190 quia
497 5117 636 5172 Deus
675 5111 752 5166 illi
779 5105 948 5162 adfuit
977 5120 992 5158 :
1039 5101 1162 5172 quia
1198 5099 1242 5153 si
1271 5105 1327 5152 et
1362 5094 1449 5150 illa
1488 5091 1564 5147 illi
1591 5104 1699 5145 non

148 5210 391 5278 redderet,
417 5207 679 5265 occultam
724 5212 977 5256 coronam
1001 5193 1116 5264 ejus
1142 5189 1325 5245 videre
1351 5184 1570 5240 minime
1601 5195 1699 5252 po-

151 5274 387 5359 teramus;
406 5304 472 5359 Et
493 5302 611 5357 ideo
627 5295 750 5370 quid
766 5296 838 5349 ait
857 5290 1128 5360 Scriptura
1145 5283 1349 5348 divina,
1371 5274 1703 5337 exhortando

153 5394 209 5449 ad
251 5397 544 5467 patientiam
591 5369 818 5460 etspem
868 5384 1188 5444 futurorum,
1244 5392 1348 5432 non
1399 5369 1702 5428 mercedem

153 5461 498 5554 pmsenï¬‚um?
522 5482 830 5540 Patientiam
854 5477 886 5531 .l
894 5477 954 5532 ob
982 5472 1214 5536 audistis,
1236 5478 1283 5524 et
1318 5468 1468 5537 [iacnt
1500 5461 1707 5516 Domini

156 5552 520 5651 vidistis.Quare
539 5576 831 5650 patientiam
850 5570 969 5635 Job,
993 5575 1047 5623 et
1066 5581 1191 5630 non,
1211 5562 1398 5618 Finem
1420 5557 1586 5628 ipsius
1605 5552 1707 5610 Job

159 5647 397 5730 vidistisâ€˜tv
419 5647 619 5730 Fauces
678 5665 913 5740 aperires
958 5659 1025 5716 ad
1073 5656 1264 5726 dupla;
1320 5652 1558 5712 diceres,
1601 5647 1710 5700 Deo

163 5766 353 5834 gratias,
381 5767 680 5828 sustineam,
712 5738 933 5829 duplum
958 5750 1158 5821 recipio
1187 5745 1325 5801 sicut
1343 5742 1464 5798 Job.
1491 5738 1706 5792 Patien-

174 5832 276 5908 tiam
299 5832 419 5930 Job,
445 5860 595 5930 ï¬nem
625 5849 850 5910 Domini.
882 5841 1198 5905 Patientiam
1224 5836 1324 5895 Job
1352 5832 1626 5899 novimus,
1655 5837 1711 5885 et

1229 373 1457 436 SERMO
1495 374 1585 430 AD
1622 358 2189 429 CATECHUMENOS.

3221 358 3329 422 656

1744 489 1904 544 linem
1935 486 2144 542 Domini
2170 483 2432 538 novimus.
2473 479 2642 548 Quem
2681 479 2840 534 tinem
2883 474 3127 532 Domini?
3154 476 3318 547 Deus,

1746 581 1884 637 Deus
1899 596 2059 647 meus,
2077 586 2134 632 ut
2149 575 2269 646 quid
2284 591 2363 629 me
2383 571 2689 643 dereliquisti
2710 568 2879 643 (Psal.
2906 584 3024 636 xxi,
3037 568 3123 639 2)?
3149 567 3324 624 Verba

1747 681 1872 730 sunt
1911 669 2120 726 Domini
2148 665 2430 740 pendentis
2473 664 2528 719 in
2554 663 2720 734 ligno.
2757 658 2922 727 Quasi
2946 659 3328 728 reliquitillum

1748 767 1815 822 ad
1859 772 2178 837 praesentem
2226 760 2556 824 felicitatem,
2603 753 2696 810 sed
2741 768 2850 809 non
2878 768 3000 808 eum
3028 750 3240 821 reliquit
3263 749 3330 806 ad

1749 867 2003 912 aeternam
2048 851 2519 909 immortalitatem.
2554 846 2635 902 lbi'
2676 855 2759 901 est
2803 844 2925 899 finis
2974 842 3204 898 Domini.
3233 841 3336 897 Te-

1751 959 1881 1007 nent
1905 948 2096 1015 Judaei,
2124 945 2382 1002 insultant
2403 940 2593 1006 Judaei,
2626 939 2792 1010 ligant
2826 935 3017 1002 Judaei,
3053 934 3219 1006 Spinis
3245 948 3338 989 co-

1751 1050 1976 1109 ronant,
2032 1039 2205 1110 sputis
2247 1035 2635 1100 dehonestant,
2689 1029 2985 1102 ï¬‚agellant,
3037 1027 3338 1098 opprobriis

1752 1139 2004 1203 obruunt,
2035 1133 2178 1204 ligno
2223 1127 2574 1200 suspendunt,
2601 1124 2784 1180 lancea
2815 1122 3043 1188 fodiunt,
3066 1128 3340 1190 postremo

1752 1228 2018 1299 sepeliant
2047 1242 2062 1279 :
2093 1223 2243 1295 quasi
2297 1220 2515 1277 relictus
2562 1223 2667 1272 est.
2693 1213 2799 1271 Sed
2841 1212 3069 1284 quibus?
3099 1210 3207 1266 Illis
3254 1210 3340 1264 in-

1753 1319 2094 1382 sultantibus.
2113 1315 2237 1371 ideo
2261 1328 2390 1384 ergo
2420 1311 2616 1366 habeto
2636 1306 2964 1379 patientiam,
2995 1314 3053 1359 ut
3091 1317 3342 1374 resurgas

1754 1422 1809 1470 et
1853 1426 1962 1467 non
2011 1406 2280 1471 moriaris,
2323 1403 2378 1459 id
2423 1410 2528 1470 est,
2573 1414 2843 1469 nunquam
2885 1397 3152 1460 moriaris,
3203 1396 3343 1450 sicut

1753 1506 2015 1562 Christus.
2046 1501 2135 1557 Sic
2158 1500 2300 1556 enim
2333 1497 2595 1568 legimus:
2630 1494 2860 1548 Christus
2879 1507 3089 1563 surgens
3117 1507 3178 1545 ex
3205 1506 3343 1545 mor-

1756 1601 1874 1666 tuis,
1891 1599 2008 1670 jam
2029 1612 2131 1651 non
2153 1593 2366 1649 moritur
2393 1589 2571 1662 (Rom.
2597 1604 2673 1656 v1,
2697 1585 2776 1657 9).

1827 1688 2051 1747 CAPUT
2073 1686 2162 1742 IV.
2185 1714 2256 1726 â€”
2281 1684 2369 1740 ll.
2402 1680 2590 1738 Sedere
2616 1679 2684 1733 ad
2709 1677 2966 1732 dexteram
2999 1675 3188 1743 Patris,
3221 1673 3343 1745 quid

1756 1785 1843 1839 sit.
1887 1781 2110 1836 Dextera
2156 1776 2356 1844 Patris,
2396 1772 2672 1828 beatitudo.
2722 1769 2978 1827 Ascendit
3013 1770 3066 1824 in
3107 1769 3342 1824 caelum:

1757 1873 1980 1930 credite.
2007 1870 2172 1928 Sedet
2193 1868 2262 1924 ad
2289 1867 2564 1924 dexteram
2589 1862 2763 1919 Patris
2796 1880 2810 1918 :
2839 1860 3062 1918 credite.
3102 1859 3304 1916 Sedere
3326 1899 3344 1927 ,

1760 1965 2036 2036 intelligite
2058 1961 2300 2018 habitare
2331 1978 2345 2015 :
2376 1955 2644 2030 quomodo
2662 1954 2889 2010 dicimus
2914 1952 2984 2008 de
3011 1966 3348 2023 quocumque

1761 2060 2000 2125 homine,
2032 2057 2090 2112 ln
2117 2055 2205 2112 illa
2232 2053 2401 2125 patria
2428 2049 2567 2107 sedit
2596 2063 2691 2120 per
2720 2056 2827 2102 tres
2852 2059 3043 2100 annos.
3065 2043 3202 2098 Dicit
3219 2041 3350 2098 illud

1763 2164 1817 2212 et
1873 2149 2167 2224 Scriptura,
2215 2147 2420 2205 sedisse
2465 2143 2747 2217 quemdam
2787 2142 2842 2198 in
2887 2141 3100 2196 civitate
3145 2145 3353 2193 tantum

1765 2256 1973 2318 tempus
2016 2241 2118 2314 (Î¹Î¹Î¹
2154 2241 2282 2312 Reg.
2310 2256 2370 2307 Î¹Î¹,
2399 2239 2491 2306 58,
2517 2253 2616 2292 sec.
2649 2233 2841 2305 LXX).
2871 2230 3135 2302 Numquid
3166 2229 3305 2286 sedit
3332 2268 3352 2296 ,

1764 2349 1820 2396 et
1865 2350 2138 2407 nunquam
2181 2331 2452 2389 surrexit?
2505 2329 2632 2387 ideo
2679 2328 2954 2385 hominum
3001 2324 3356 2380 habitationes

1765 2432 1923 2489 sedes
1965 2429 2212 2486 dicuntur
2248 2425 2349 2498 (a).
2391 2424 2493 2482 Ubi
2546 2423 2808 2479 habentur
2859 2420 3046 2486 sedes,
3099 2413 3356 2487 numquid

1767 2541 1981 2596 semper
2029 2521 2284 2580 sedetur?
2323 2534 2428 2576 non
2471 2517 2736 2588 surgitur,
2765 2530 2872 2571 non
2901 2513 3222 2579 ambulatur,
3249 2525 3358 2566 non

1767 2618 2009 2692 jacetur?
2047 2625 2102 2673 et
2133 2625 2310 2672 tamen
2353 2611 2510 2668 sedes
2553 2616 2834 2665 vocantur.
2872 2606 2961 2663 Sic
2998 2619 3126 2675 ergo
3154 2601 3360 2659 credite

1771 2711 2011 2767 habitare
2040 2708 2307 2766 Christum
2332 2705 2391 2759 in
2417 2703 2642 2760 dextera
2661 2700 2754 2756 Dei
2773 2699 2948 2755 Patris
2977 2716 2991 2753 :
3019 2697 3093 2752 ibi
3119 2704 3220 2752 est.
3245 2693 3359 2750 Nec

1770 2803 1910 2859 dicat
1937 2800 2090 2857 vobis
2113 2814 2208 2856 cor
2236 2805 2504 2862 vestrum,
2543 2791 2680 2862 Quid
2725 2791 2871 2862 agit?
2914 2788 3090 2845 Nolite
3118 2799 3361 2857 quaerere

1772 2892 1914 2968 quod
1943 2907 2048 2948 non
2072 2891 2198 2946 licet
2227 2885 2468 2944 invenire
2499 2902 2514 2940 :
2543 2883 2616 2939 ibi
2643 2890 2759 2946 est;
2799 2879 2998 2936 sufficit
3021 2877 3194 2934 vobis.
3227 2876 3364 2930 Bea-

1775 2997 1860 3044 tus
1884 2995 1988 3054 est,
2016 2995 2072 3040 et
2095 2999 2128 3039 a
2154 2978 2506 3045 beatitudine,
2532 2991 2653 3048 qua:
2676 2974 2894 3030 dextera
2922 2969 3094 3026 Patris
3119 2975 3360 3032 vocatur,

1775 3080 1943 3152 ipsius
1965 3074 2307 3134 beatitudinis
2329 3086 2524 3129 nomen
2553 3077 2636 3125 est
2654 3109 2670 3136 ,
2697 3066 2923 3122 dextera
2948 3064 3141 3119 Patris.
3163 3061 3295 3116 Nam
3316 3059 3364 3116 si

1775 3151 2060 3228 carnaliter
2096 3167 2493 3236 acceperimus;
2526 3161 2646 3232 quia
2690 3157 2841 3215 sedet
2864 3155 2931 3212 ad
2959 3155 3230 3211 dexteram
3259 3151 3366 3206 Pa-

1779 3264 1894 3330 tris,
1927 3262 2016 3317 ille
2037 3260 2140 3316 erit
2164 3258 2231 3315 ad
2258 3257 2550 3313 sinistram.
2578 3248 2844 3321 Numquid
2867 3249 2945 3304 fas
2962 3257 3043 3303 est
3062 3255 3117 3303 ut
3142 3247 3220 3301 sic
3246 3245 3366 3301 illos

1778 3369 2181 3429 componamus,
2231 3352 2426 3409 Filium
2473 3348 2542 3404 ad
2587 3347 2897 3410 dexteram,
2938 3343 3148 3397 Patrem
3189 3339 3257 3395 ad
3285 3338 3364 3394 si-

1779 3450 2037 3508 nistram?
2081 3446 2156 3504 lbi
2195 3443 2372 3501 omnis
2411 3441 2639 3498 dextera
2668 3446 2784 3505 est,
2832 3434 2956 3510 quia
2999 3432 3143 3489 nulla
3184 3430 3257 3487 ibi
3284 3437 3369 3486 est

1781 3557 2019 3599 miserta.

1856 3638 1942 3693 12.
1965 3635 2094 3691 Inde
2121 3642 2374 3689 venturus
2395 3629 2634 3702 judicare
2654 3627 2801 3682 vivos
2825 3631 2880 3679 et
2907 3632 3166 3678 mortuos.
3184 3618 3368 3684 Vives,

1782 3729 1872 3802 qui
1901 3726 2292 3799 superfuerint;
2322 3732 2583 3788 mortuos,
2624 3719 2715 3791 qui
2745 3714 3134 3789 przecesserint.
3185 3712 3372 3766 Potest

1783 3831 1839 3878 et
1891 3822 1968 3876 sic
2010 3818 2230 3889 intelligi
2276 3835 2290 3873 :
2339 3816 2529 3882 Vivos,
2581 3812 2782 3882 iustos;
2835 3815 3092 3872 mortuos,
3124 3804 3371 3872 injustas.

1785 3913 2052 3984 Utrosque
2083 3911 2226 3966 enim
2248 3907 2452 3978 iudicat
2475 3944 2490 3971 ,
2520 3919 2615 3959 sua
2643 3901 2833 3971 cuique
2861 3897 3177 3954 retribuens.
3207 3892 3374 3949 Justis

1786 3983 2025 4061 dicturus
2050 4010 2133 4058 est
2160 4002 2212 4056 in
2235 3998 2439 4069 judicio
2471 4013 2487 4052 :
2525 3992 2719 4060 Venite,
2751 3989 2993 4045 benedicti
3033 3985 3207 4040 Patris
3237 3983 3371 4050 mei,

1789 4096 2027 4169 percipite
2081 4108 2294 4163 regnum
2342 4087 2478 4160 quod
2526 4084 2666 4140 vobis
2715 4089 2948 4153 paratum
2995 4085 3068 4132 est
3116 4076 3180 4129 ab
3230 4073 3376 4127 initio

1791 4187 1985 4242 mundi.
2035 4184 2117 4239 Ad
2159 4184 2260 4239 hoc
2303 4195 2396 4235 vos
2438 4184 2641 4249 parate,
2674 4175 2792 4230 haec
2826 4179 3059 4242 sperate,
3088 4175 3376 4238 propterea

1792 4279 1973 4346 vivite,
2004 4285 2060 4333 et
2085 4276 2162 4332 sic
2188 4274 2371 4339 vivite,
2405 4278 2689 4342 propterea
2713 4262 2940 4330 credite,
2968 4270 3248 4332 propterea
3277 4257 3376 4311 ba-

1793 4370 2088 4443 ptizamini,
2120 4376 2178 4423 ut
2215 4365 2384 4437 possit
2424 4361 2574 4417 vobis
2597 4359 2702 4416 dici
2732 4377 2746 4413 :
2787 4355 2980 4420 Venite,
3010 4349 3251 4407 benedicti
3271 4347 3380 4402 Pa-

1797 4465 1886 4519 tris
1915 4462 2011 4517 mei
2032 4503 2047 4527 ,
2079 4459 2318 4533 percipite
2359 4471 2570 4527 regnum
2609 4450 2744 4523 quod
2796 4449 2932 4502 vobis
2983 4454 3214 4517 paratum
3246 4449 3320 4495 est
3347 4456 3380 4494 Î±

1796 4554 2144 4612 constitutione
2173 4550 2368 4605 mundi.
2395 4547 2634 4605 Sinistris
2659 4542 2824 4616 quid?
2854 4540 2933 4594 Ite
2961 4540 3012 4592 in
3036 4539 3202 4608 ignem
3227 4543 3379 4590 aeter-

1797 4670 1938 4720 num,
1967 4651 2052 4723 qui
2078 4658 2284 4722 paratus
2310 4655 2382 4701 est
2404 4641 2606 4698 diabolo
2632 4650 2680 4694 et
2699 4631 3237 4708 angelisejus(Matth.
3254 4643 3380 4696 xxv,

1799 4749 1891 4817 '54,
1932 4720 2044 4816 il).
2079 4720 2176 4799 ï¬Sic
2212 4739 2591 4812 judicabuntur
2622 4750 2653 4788 a
2686 4730 2897 4788 Christo
2929 4725 3035 4782 vivi
3070 4733 3124 4779 et
3163 4720 3380 4778 mortui.

1802 4813 1950 4898 Dicta
1989 4813 2072 4894 est
2105 4836 2274 4908 prima
2314 4831 2430 4886 sine
2459 4837 2698 4897 tempore
2723 4822 2971 4878 nativitas
2997 4816 3214 4879 Christi,
3243 4813 3384 4869 dicta

1802 4945 1883 4991 est
1913 4933 2015 4988 alia
2055 4930 2108 4986 in
2149 4923 2478 4999 plenitudine
2515 4918 2771 4990 temporis
2797 4915 2865 4970 de
2894 4912 3098 4983 virgine
3139 4908 3385 4964 nativitas

1803 5025 2025 5090 Christi,
2055 5022 2194 5078 dicta
2221 5027 2303 5074 est
2330 5014 2506 5088 passio
2531 5009 2760 5076 Christi,
2790 5008 2987 5061 dictum
3015 5011 3097 5059 est
3129 4999 3386 5071 judicium

1805 5119 2020 5177 Christi.
2046 5115 2239 5173 Totum
2280 5110 2479 5166 dictum
2519 5114 2623 5171 est,
2669 5100 2813 5174 quod
2857 5097 3142 5154 dicendum
3183 5101 3298 5148 erat
3321 5091 3388 5145 de

1806 5212 2019 5271 Christo
2041 5252 2058 5279 ,
2109 5206 2242 5263 Filio
2275 5202 2371 5260 Dei
2400 5199 2558 5256 unico
2578 5240 2593 5264 ,
2625 5195 2850 5252 Domino
2873 5199 3056 5248 nostro
3085 5207 3099 5242 :
3135 5185 3230 5242 sed
3256 5198 3390 5238 non-

1808 5307 1935 5363 dum
1960 5301 2192 5374 perfecta
2222 5306 2303 5353 est
2328 5291 2580 5350 Trinitas.

1881 5363 2104 5453 CA-PUT
2134 5391 2199 5446 Î³.
2218 5420 2284 5432 â€”-
2307 5388 2394 5444 15.
2420 5383 2670 5455 Spiritum
2698 5387 2924 5436 sanctum
2951 5389 3056 5428 esse
3083 5371 3261 5422 Deum.
3289 5363 3391 5419 Se-

1813 5491 1991 5565 quitur
2015 5489 2067 5544 in
2098 5482 2374 5559 Symbolo,
2404 5480 2469 5535 Et
2492 5479 2542 5532 in
2572 5475 2828 5546 Spiritum
2849 5476 3110 5524 sanctum.
3146 5460 3248 5512 Ista
3274 5455 3396 5511 Tri-

1814 5585 1953 5640 nitas
1987 5594 2124 5636 unus
2169 5577 2340 5643 Deus,
2393 5586 2496 5627 una
2542 5576 2765 5627 natura,
2796 5574 2896 5615 una
2943 5549 3256 5613 substantia,
3289 5561 3393 5602 una

1816 5674 2051 5749 potentia
2074 5713 2090 5739 ,
2139 5639 2344 5725 summa
2383 5659 2683 5732 aequalitas,
2714 5651 2859 5709 nulla
2883 5643 3094 5711 divisio,
3123 5641 3266 5696 nulla
3309 5639 3394 5694 di-

1879 5832 1952 5894 (a)
1973 5826 2142 5880 Confer
2159 5835 2308 5875 serm.
2333 5816 2443 5879 2H,
2467 5828 2518 5865 Î¹Î¹.
2542 5813 2593 5876 8,
2616 5816 2732 5862 tom.
2756 5807 2804 5858 á½•.
