3860 6462
527 363 632 421 635

525 475 752 554 vei-sitas
777 519 791 544 ,
837 485 1090 548 perpetua
1123 477 1375 532 cbaritas.
1410 475 1580 531 Vultis
1619 463 1778 530 nosse
1804 467 1946 543 quod
1973 472 2115 528 Deus

526 581 612 629 est
655 569 886 642 Spiritus
925 569 1176 625 sanctus?
1212 567 1594 639 Baptizam‘mi,
1631 574 1686 622 et
1719 565 1975 636 templum
2001 563 2118 634 ejus

527 667 699 722 eritis.
756 663 1043 734 Apostolus
1077 661 1226 729 dicit,
1271 660 1495 716 Nescitis
1533 660 1653 729 quia
1696 675 1910 729 corpora
1955 666 2118 712 vestra

531 759 772 827 templum
808 757 862 810 in
907 755 1044 810 vobis
1088 767 1163 810 est
1205 752 1431 825 Spiritus
1481 752 1674 819 sancti,
1727 765 1871 822 quem
1926 749 2119 806 habetis

530 867 564 906 α
612 851 720 906 Deo
747 851 764 919 (
790 850 812 906 Ι
837 848 954 905 Cor.
990 863 1072 915 vr,
1102 847 1190 920 19)
1211 849 1236 901 ‘t
1264 847 1544 918 Templum
1575 845 1734 902 habet
1776 845 1917 902 Deus
1949 863 1964 901 τ
1995 860 2119 902 nam

531 951 588 999 et
640 942 896 998 Salomon
947 955 1040 996 rex
1097 949 1150 996 et
1195 940 1446 1012 propheta
1489 937 1668 1009 jussus
1721 943 1804 994 est
1855 937 2122 995 aediﬁcare

533 1035 792 1105 templum
821 1035 949 1091 Deo.
993 1031 1049 1090 Si
1080 1031 1369 1088 aediﬁcaret
1399 1031 1657 1104 templum
1685 1031 1806 1096 soli,
1839 1038 1932 1086 aut
1957 1031 2118 1098 lunae,

535 1135 628 1181 aut
654 1126 821 1181 stellae
850 1115 1036 1191 alicui,
1069 1127 1162 1179 aut
1187 1124 1342 1179 alicui
1371 1123 1593 1194 angelo,
1635 1136 1816 1178 nonne
1842 1123 2126 1179 damnaret

535 1218 683 1274 illum
730 1217 909 1274 Deus?
951 1217 1083 1285 Quia
1141 1231 1270 1287 ergo
1323 1216 1578 1286 templum
1633 1211 1915 1270 aediﬁcavit
1969 1215 2120 1283 Deo,

535 1309 768 1365 ostendit
796 1323 855 1363 se
893 1309 1073 1364 colere
1103 1308 1292 1364 Deum.
1324 1307 1392 1363 Et
1420 1308 1561 1363 unde
1600 1301 1918 1363 aedificavit?
1948 1308 2023 1363 De
2057 1308 2125 1364 li-

534 1399 653 1471 gnis
681 1407 736 1455 et
763 1399 1027 1469 lapidibus
1062 1417 1075 1451 :
1108 1400 1231 1470 quia
1261 1397 1506 1470 dignatus
1537 1407 1618 1454 est
1651 1398 1795 1454 Deus
1823 1397 2000 1455 facere
2024 1399 2127 1456 sibi

533 1505 635 1562 per
663 1506 875 1547 servum
920 1505 1076 1546 suum
1119 1491 1342 1547 domum
1384 1491 1438 1545 in
1487 1498 1648 1556 terra,
1689 1489 1780 1546 ubi
1809 1498 2124 1561 repretur,

535 1584 626 1640 ubi
666 1593 1055 1638 memoraretur
1097 1584 1137 1635 ι.
1188 1581 1341 1638 Unde
1382 1581 1512 1638 dicit
1552 1582 1739 1638 beatus
1778 1580 2125 1652 Stephanus:

538 1673 787 1731 Salomon
813 1674 1082 1743 tediﬁcavit
1119 1673 1198 1729 illi
1232 1674 1458 1742 domum,
1496 1674 1588 1729 sed
1628 1674 1916 1729 Altissimus
1944 1688 2046 1728 non
2074 1674 2130 1730 in

535 1781 692 1820 manu
713 1764 861 1834 factis
883 1765 1081 1835 templis
1105 1764 1353 1819 inhabitat
1373 1763 1506 1837 (Aet.
1531 1780 1623 1830 vn,
1644 1765 1712 1820 47
1729 1774 1778 1819 et
1792 1763 1904 1837 48).
1926 1763 1981 1820 Si
2000 1781 2130 1836 ergo

537 1870 766 1926 corpora
814 1865 996 1911 nostra
1040 1856 1296 1926 templum
1324 1864 1407 1910 est
1434 1851 1663 1926 Spiritus
1705 1857 1910 1921 sancti,
1955 1857 2131 1928 qualis

540 1948 682 2003 Deus
707 1947 901 2016 estqui
930 1946 1214 2002 adificavit
1243 1947 1496 2016 templum
1523 1947 1742 2017 Spiritui
1769 1950 1995 2004 sancto?
2023 1947 2131 2005 Sed

541 2038 704 2094 Deus.
736 2036 791 2092 Si
819 2039 964 2094 enim
993 2038 1247 2109 templum
1281 2039 1510 2109 Spiritus
1552 2040 1719 2095 sancti
1755 2049 1880 2096 sunt
1905 2055 2132 2112 corpora

544 2140 725 2186 nostra
745 2171 760 2198 ,
789 2131 876 2186 ille
928 2130 1150 2202 Spiritui
1174 2139 1360 2188 sancto
1397 2133 1676 2190 mdilicavit
1706 2137 1958 2206 templum
1985 2178 2000 2204 ,
2041 2138 2134 2209 qui

543 2232 600 2280 et
649 2238 873 2293 corpora
924 2234 1123 2280 nostra.
1169 2227 1439 2282 Attendite
1476 2229 1786 2298 Apostolum
1827 2231 2130 2301 dicentem,

543 2316 688 2372 Deus
716 2320 1003 2388 temperauit
1029 2335 1228 2388 corpus,
1265 2321 1310 2374 ei
1359 2321 1442 2375 cui
1476 2321 1641 2377 deerat
1684 2325 1927 2396 majorem
1973 2325 2134 2381 hono-

541 2427 652 2467 rem
697 2412 826 2466 dans
867 2412 922 2483 (l
958 2411 1076 2468 Car.
1131 2428 1226 2480 xu,
1275 2413 1402 2486 24);
1449 2430 1568 2470 cum
1618 2416 1928 2488 loqueretur
1951 2419 2018 2475 de
2047 2419 2131 2475 di-

538 2504 717 2560 versis
761 2505 1034 2568 membris,
1074 2513 1134 2559 ut
1171 2519 1278 2560 non
1316 2517 1497 2561 essent
1537 2509 1784 2566 scissura:
1809 2510 1858 2564 in
1886 2523 2131 2580 corpore.

546 2597 688 2652 Deus
722 2596 926 2651 creavit
954 2611 1149 2667 corpus
1173 2605 1438 2653 nostrum.
1473 2599 1701 2656 Herbam
1731 2601 1870 2658 Deus
1896 2604 2098 2659 creavit-
2116 2647 2132 2672 ,

531 2703 740 2757 corpus
784 2696 1022 2744 nostrum
1064 2689 1186 2759 quis
1219 2690 1459 2745 creavit?
1500 2690 1653 2748 Unde
1693 2693 1978 2763 probamus
2011 2697 2138 2765 quia

545 2779 768 2836 herbam
808 2782 945 2836 Deus
976 2783 1160 2836 creat?
1185 2782 1285 2850 Qui
1313 2783 1496 2851 vestit,
1529 2785 1644 2854 ipse
1675 2797 1841 2842 creat.
1891 2788 2134 2860 Evange-

545 2870 674 2926 lium
701 2872 820 2943 lege
850 2891 862 2927 :
893 2873 955 2928 Si
975 2890 1092 2944 ergo
1119 2878 1290 2945 fenum
1316 2877 1448 2947 agri,
1490 2877 1585 2945 ait,
1635 2881 1771 2950 quod
1801 2880 1950 2936 hodie
1975 2892 2066 2951 est,
2087 2892 2139 2939 et

545 2965 660 3020 cras
703 2967 754 3019 in
797 2966 1051 3020 clibanum
1089 2969 1304 3021 mittitur
1327 3010 1342 3034 ,
1375 2967 1514 3023 Deus
1539 2971 1611 3024 sic
1635 2971 1780 3025 vestit
1809 2971 2021 3045 (Matth.
2052 2991 2136 3042 Vl,

545 3060 662 3132 50).
697 3061 788 3116 Ille
818 3075 945 3132 ergo
971 3069 1138 3128 creat,
1165 3062 1255 3132 qui
1286 3063 1462 3118 vestit.
1496 3064 1560 3118 Et
1589 3065 1874 3133 Apostolus
1903 3086 1916 3121 :
1948 3065 2134 3136 Stulte,

544 3152 683 3224 quod
708 3154 926 3208 seminus
953 3170 1053 3208 non
1081 3155 1384 3224 viviﬁcatur,
1417 3157 1516 3210 nisi
1543 3159 1792 3213 moriatur
1815 3162 1836 3191 ¹
1871 3178 1886 3215 :
1917 3170 1963 3214 et
2003 3163 2139 3233 quod

548 3245 787 3310 seminus,
818 3261 920 3299 non
947 3261 1132 3316 corpus
1151 3247 1287 3316 quod
1316 3251 1546 3320 futurum
1572 3257 1645 3303 est
1669 3253 1903 3317 seminas,
1929 3254 2018 3308 sed
2037 3270 2138 3309 nu-

546 3333 669 3408 dum
704 3351 938 3406 granum,
967 3344 1023 3389 ut
1061 3336 1190 3405 forte
1214 3338 1386 3407 tritici,
1428 3350 1518 3393 aut
1557 3339 1776 3413 alicujus
1804 3355 2139 3412 ctvterorum;

547 3424 689 3478 Deus
711 3437 878 3480 autem
905 3428 1092 3482 illidat
1113 3437 1300 3500 corpus
1317 3433 1568 3502 quomodo
1597 3434 1812 3490 voluerit
1827 3481 1840 3505 ,
1869 3446 1917 3492 et
1943 3439 2140 3494 unicui-

545 3530 645 3586 que
683 3516 928 3570 seminum
972 3519 1235 3587 proprium
1275 3535 1460 3591 corpus
1485 3524 1502 3593 (
1522 3523 1540 3576 l
1570 3523 1687 3579 Cor.
1714 3543 1800 3580 xv.
1831 3529 2046 3600 56-58).
2081 3530 2140 3587 Si

548 3621 680 3676 ergo
715 3607 854 3662 Deus
893 3623 1117 3679 corpora
1162 3621 1341 3667 nostra
1373 3613 1622 3682 aediﬁcat,
1655 3617 1697 3671 si
1731 3618 1866 3674 Deus
1893 3621 2137 3678 membra

545 3707 734 3755 nostra
762 3700 1008 3768 aediﬁcat,
1035 3711 1089 3758 et
1113 3718 1340 3775 corpora
1365 3717 1542 3764 nostra
1575 3711 1830 3782 templum
1862 3723 1986 3769 sunt
2012 3713 2137 3786 Spi-

548 3793 685 3848 ritus
732 3794 932 3860 sancti;
990 3795 1157 3852 nolite
1199 3797 1441 3856 dubitare
1489 3803 1656 3858 Deum
1710 3819 1833 3860 esse
1879 3805 2136 3878 Spiritum

549 3893 812 3940 sanctum.
845 3886 910 3940 Et
935 3887 1099 3943 nolite
1121 3888 1318 3947 addere
1343 3893 1491 3962 quasi
1524 3896 1738 3950 tertium
1768 3896 1934 3954 Deum
1961 3917 1976 3965 ;
2017 3902 2139 3972 quia

553 3976 709 4032 Pater
763 3985 818 4033 et
866 3978 1036 4035 Filius
1067 3989 1122 4037 et
1158 3982 1387 4053 Spiritus
1423 3977 1646 4042 sanctus
1679 4003 1818 4045 unus
1855 4001 1938 4047 est
1977 3992 2136 4050 Deus.

549 4067 644 4123 Sic
668 4069 893 4126 credite.

619 4160 848 4218 CAPUT
866 4162 948 4218 VI.
967 4195 1039 4207 —
1065 4167 1152 4220 14.
1182 4165 1262 4222 De
1283 4177 1461 4222 sancta
1484 4169 1728 4226 Ecclesia.
1754 4173 2006 4246 Sequitur
2023 4187 2142 4248 post

550 4251 824 4310 Trinitatis
853 4257 1371 4314 commendationem
1389 4301 1403 4327 ,
1436 4273 1672 4318 sanetam
1702 4265 2012 4324 Ecclesium.
2039 4269 2143 4325 Dc-

550 4355 878 4400 monstratus
919 4358 1002 4403 est
1043 4347 1182 4405 Deus
1229 4360 1284 4406 et
1331 4355 1588 4422 templum
1627 4357 1816 4427 ipsius.
1874 4359 2142 4432 Templum

551 4435 686 4487 enim
719 4434 812 4488 Dei
838 4440 1067 4492 amictum
1112 4451 1207 4506 est,
1252 4443 1325 4497 ait
1363 4446 1668 4514 Apostolus,
1717 4453 1856 4521 quod
1901 4455 2020 4510 estis
2053 4471 2140 4511 vos

700 4541 775 4591 nr,
806 4527 916 4598 l7).
949 4527 1062 4598 Ipsa
1105 4537 1189 4585 est
1235 4533 1468 4589 Ecclesia
1497 4547 1699 4607 sancta,
1732 4543 1965 4600 Ecclesia
1996 4563 2098 4602 una
2123 4591 2140 4617 ,

555 4616 794 4673 Ecclesia
825 4633 970 4686 vera,
1003 4619 1247 4678 Ecclesia
1277 4624 1534 4682 catholica
1556 4670 1570 4694 ,
1599 4640 1782 4686 contra
1810 4645 1997 4691 omnes
2025 4616 2141 4693 hae?

551 4723 699 4765 reses
725 4726 964 4782 pugnans
992 4731 1005 4766 :
1035 4727 1271 4785 pugnare
1301 4727 1494 4787 potest,
1525 4717 1812 4793 expugnari
1837 4735 2012 4784 tamen
2035 4745 2141 4788 non

554 4812 750 4873 potest.
802 4807 1046 4865 llmreses
1083 4805 1271 4868 omnes
1319 4811 1388 4868 de
1438 4814 1528 4870 illa
1578 4817 1838 4887 exierunt,
1892 4831 2138 4893 tanquam

553 4906 825 4952 sarmenta
851 4899 1055 4956 inutilia
1077 4901 1146 4959 de
1171 4906 1280 4960 vite
1313 4908 1534 4976 praecisa
1570 4925 1583 4962 :
1613 4909 1723 4980 ipsa
1754 4924 1934 4968 autem
1963 4929 2144 4975 manet

554 4984 608 5038 in
636 4985 814 5042 radice
835 5004 952 5054 sua.
983 4992 1035 5046 in
1063 4995 1168 5051 vite
1193 5011 1309 5064 sua,
1333 4998 1386 5052 in
1415 4997 1676 5059 charitate
1701 5017 1816 5059 sua.
1857 5005 2030 5063 Portrc
2060 5010 2141 5066 in-

553 5076 789 5171 ferorum
811 5097 914 5136 non
941 5085 1150 5142 vincent
1174 5105 1291 5146 eam
1323 5089 1533 5163 (Matth.
1566 5111 1675 5165 xvr,
1701 5099 1815 5171 18).

625 5170 851 5228 CAPUT
889 5174 1001 5228 VH.
1028 5205 1099 5217 —
1123 5181 1211 5236 15.
1244 5182 1463 5240 Peccata
1503 5190 1655 5244 etiam
1692 5170 1934 5250 immania
1967 5197 2141 5252 dimit-

555 5271 732 5318 tuntur
756 5265 808 5318 in
836 5265 1136 5337 Baptistae;
1175 5283 1221 5326 et
1248 5277 1462 5331 veniatin
1481 5320 1496 5345 ,
1533 5282 1586 5335 ia
1621 5286 1846 5341 oratione
1865 5289 2136 5348 dominica.

555 5353 872 5412 Pmnitentia:
898 5357 1114 5429 publij
1137 5365 1268 5418 actio
1292 5377 1496 5438 prapter
1519 5373 1763 5430 immania
1782 5389 2011 5452 peccata,
2041 5400 2143 5440 non

617 5491 636 5554 ξ
672 5488 857 5554 Aliquot
880 5498 1008 5554 Mssa,
1034 5504 1323 5549 moraretur.

616 5553 638 5584 ³
669 5553 804 5617 aliti,
829 5553 966 5620 prius
987 5556 1238 5611 moriatur.
1268 5564 1431 5628 Abest,
1460 5565 1611 5631 prius,
1639 5581 1666 5620 a
1687 5577 1793 5624 Mss.

1141 359 1229 416 DE
1267 353 1606 425 SYMBOLO,
1644 357 1701 413 S.
1743 347 2111 411 AUGUSTINI
2149 344 2380 410 SERMO
2417 351 2509 406 AD
2545 348 3115 414 CATECHUMENOS.
3672 367 3752 425 εδδ

2224 477 2429 539 prapter
2444 465 2590 524 levia.
2615 469 3008 528 Remissionem
3031 479 3403 542 peccatorum.
3427 471 3755 549 liabetisSym.

2223 562 2406 619 bolum
2432 564 2665 633 perfecte
2692 565 2746 620 in
2778 565 2960 633 vobis,
2987 566 3200 637 quando
3243 566 3599 636 baptizamini.
3630 569 3755 629 Nemo

2222 655 2364 713 dicat
2393 675 2408 712 :
2435 657 2566 714 illud
2590 658 2714 727 feci,
2743 659 2880 716 forte
2905 675 3010 715 non
3049 659 3178 716 mihi
3221 659 3528 717 dimittitur.
3560 662 3677 731 Quid
3705 666 3760 721 ic-

2223 747 2378 803 cisti?
2397 758 2652 819 quantum
2677 748 2882 806 feciSti?
2910 750 3003 806 Die
3023 751 3264 807 immane
3285 751 3489 822 aliquid
3507 753 3634 824 quod
3651 769 3759 812 com-

2227 837 2449 906 misisti,
2503 855 2665 911 grave
2693 882 2708 908 ,
2758 841 3122 910 horrendum,
3169 842 3325 914 quod
3375 843 3533 898 etiam
3575 847 3757 916 cogitare

2229 929 2415 985 horres
2449 948 2463 986 :
2492 931 2748 1002 quidquid
2791 932 2873 988 vis
2897 931 3111 1001 feceris,
3141 932 3418 1004 numquid
3441 933 3682 991 Christum
3703 953 3767 994 oc-

2227 1021 2444 1078 cidisti?
2465 1023 2582 1080 Non
2609 1032 2692 1080 est
2715 1025 2817 1081 isto
2837 1024 2981 1082 facto
3001 1026 3202 1098 aliquid
3216 1026 3400 1098 pejus,
3414 1029 3534 1099 quia
3549 1035 3596 1084 et
3608 1027 3768 1086 Christo

2230 1105 2360 1168 irihil
2408 1123 2491 1168 est
2530 1116 2742 1171 melius.
2788 1116 3057 1185 Quantum
3100 1118 3261 1174 nefas
3289 1126 3377 1174 est
3401 1119 3634 1176 occidere
3653 1120 3767 1177 Chri-

2230 1207 2418 1264 stum?
2453 1207 2622 1265 ,Πιᾶωί
2665 1217 2840 1267 tamen
2893 1225 3016 1268 eum
3056 1211 3419 1280 occiderunt,
3477 1221 3532 1268 et
3572 1214 3698 1268 multi
3734 1217 3771 1270 in

2229 1311 2354 1353 eum
2379 1300 2563 1368 postea
2587 1299 2951 1370 crediderunt,
2978 1310 3033 1357 et
3055 1301 3321 1358 biberunt
3340 1301 3461 1372 ejus
3483 1303 3769 1372 sanguinem:

2230 1387 2510 1445 dimissum
2544 1400 2628 1447 est
2656 1391 2759 1447 illis
2785 1402 3060 1464 peccatum
3087 1392 3236 1465 quod
3268 1394 3657 1450 commiserunt.
3677 1394 3772 1451 Cum

2233 1479 2482 1552 baptizati
2523 1475 2761 1549 fueritis,
2813 1492 2991 1540 tenete
3027 1484 3192 1541 vitam
3235 1485 3445 1542 bonam
3475 1486 3528 1541 in
3554 1489 3774 1557 pmoeptis

2233 1571 2349 1640 Dei,
2378 1581 2436 1629 ut
2459 1575 2789 1646 Baptismum
2824 1577 3138 1634 custodiatis
3175 1591 3359 1651 usque
3404 1579 3459 1634 in
3499 1579 3657 1636 ﬁnem.
3694 1580 3774 1636 Non

2232 1666 2385 1722 vobis
2409 1667 2531 1724 dico
2561 1669 2684 1741 quia
2714 1671 2829 1727 sine
2855 1679 3078 1742 peccato
3103 1671 3191 1729 hic
3215 1672 3454 1736 vivetis:
3480 1672 3569 1729 sed
3595 1681 3696 1728 sunt
3711 1690 3776 1730 ve-
3810 1717 3811 1740 ξ

2235 1758 2417 1826 nialia,
2453 1760 2570 1816 sine
2599 1761 2792 1832 quibus
2822 1763 2928 1818 vita
2962 1765 3061 1819 ista
3106 1779 3215 1820 non
3255 1773 3363 1820 est.
3413 1764 3624 1835 Propter
3643 1766 3775 1821 omni:
3810 1799 3811 1824 γ

2235 1860 2450 1920 peccata
2493 1851 2798 1925 Baptismus
2835 1854 3087 1911 inventus
3123 1861 3246 1922 est;
3277 1865 3505 1927 propter
3539 1855 3675 1920 levia,
3695 1858 3778 1913 sine

2235 1942 2430 2013 quibus
2453 1959 2571 2000 esse
2593 1961 2700 2002 non
2722 1961 3025 2017 possumus,
3050 1949 3225 2004 oratio
3250 1950 3494 2004 inventa.
3519 1948 3642 2017 Quid
3660 1949 3772 2004 habet

2236 2036 2449 2092 oratio?
2476 2036 2684 2093 Dimitte
2709 2041 2853 2095 nobis
2877 2040 3044 2095 debita
3088 2050 3291 2107 nostra,
3323 2041 3457 2096 sicut
3483 2051 3527 2096 et
3554 2057 3634 2095 nos
3654 2041 3775 2095 aut.

2239 2129 2391 2184 timus
2419 2129 2724 2210 debitoribus
2753 2133 2938 2187 nostris
2966 2131 3075 2205 (Id.
3105 2149 3182 2200 vr,
3211 2132 3334 2204 12).
3366 2131 3544 2188 Semel
3570 2127 3772 2188 abluimur

2237 2221 2564 2292 Baptismate
2589 2267 2603 2293 ,
2649 2225 2888 2296 quotidie
2928 2224 3196 2282 abluimur
3235 2227 3507 2282 oratione.
3536 2224 3631 2281 Sed
3655 2225 3772 2279 nolite

2239 2313 2327 2370 illa
2369 2319 2722 2383 committere,
2757 2333 2852 2388 pro
2889 2320 3081 2390 quibus
3107 2334 3342 2376 necesse
3368 2327 3451 2375 est
3481 2325 3534 2373 ut
3567 2331 3593 2371 a
3628 2315 3770 2372 Christi

2239 2422 2462 2478 corpore
2501 2410 2822 2480 sepa'remini
2849 2428 2862 2464 :
2889 2411 3032 2481 quod
3078 2411 3220 2466 absit
3267 2423 3298 2464 a
3349 2407 3523 2466 vobis.
3568 2405 3635 2463 llli
3671 2407 3772 2463 enim

2239 2513 2374 2571 quos
2390 2501 2580 2557 videtis
2596 2517 2754 2573 agere
2775 2503 3165 2572 pcenitentiam,
3193 2502 3411 2560 scelera
3441 2499 3766 2563 commiserunt.

2240 2601 2331 2648 aut
2357 2593 2614 2649 adulteria
2641 2637 2656 2664 ,
2689 2603 2779 2650 aut
2803 2595 2979 2666 aliqua
3016 2595 3151 2650 facta
3188 2595 3454 2650 immania
3488 2613 3500 2648 :
3530 2592 3636 2648 inde
3657 2597 3768 2662 agunt

2239 2686 2630 2758 ptenitentiam.
2674 2685 2806 2742 Nam
2837 2687 2882 2742 si
2914 2679 3048 2742 levia
3095 2697 3321 2758 peccata
3369 2686 3594 2757 ipsorum
3624 2688 3764 2746 essent.

2243 2778 2310 2834 ad
2339 2779 2454 2834 hmc
2480 2780 2787 2850 quotidiana
2814 2781 2986 2835 oratio
3007 2779 3233 2836 delenda
3268 2779 3555 2836 sufﬁceret.

2312 2869 2540 2928 CAPUT
2580 2870 2717 2926 Vlll.
2755 2902 2826 2912 -——
2871 2871 2959 2928 16.
2999 2869 3222 2926 Peccata
3272 2873 3438 2926 tribus
3481 2867 3627 2923 modis
3646 2863 3765 2919 dim?-

2244 2971 2434 3018 tuntur.
2469 2965 2608 3035 Ergo
2647 2963 2816 3020 tribus
2849 2961 3022 3018 modis
3046 2963 3397 3019 dimittuntur
3425 2969 3620 3033 peccata
3638 2955 3761 3012 iulio-

2243 3057 2405 3112 clesia
2429 3073 2442 3123 ;
2469 3057 2520 3111 in
2543 3055 2888 3126 Baptismate,
2920 3055 2973 3110 in
3006 3057 3272 3123 oratione,
3306 3057 3362 3110 in
3390 3051 3656 3110 humilitate
3680 3061 3760 3103 ma-

2239 3147 2358 3221 jore
2387 3151 2404 3182 ¹
2434 3151 2762 3220 poenitentia:
2797 3168 2810 3204 :
2848 3157 3022 3205 tamen
3051 3150 3193 3204 Deus
3219 3163 3335 3205 non
3361 3147 3568 3204 dimittit
3589 3149 3760 3216 pcta“,

2243 3243 2346 3298 nisi
2393 3242 2694 3313 baptizatis.
2738 3243 2855 3312 ipsa
2899 3252 3116 3313 peccata
3146 3257 3269 3313 qua:
3304 3243 3532 3314 primum
3568 3234 3760 3296 dimittit,

2244 3347 2352 3389 non
2399 3335 2500 3389 nisi
2543 3333 2824 3405 baptizatis
2852 3333 3088 3389 dimittit.
3123 3333 3392 3403 Quando?
3419 3327 3621 3401 Quando
3643 3323 3762 3394 bapti-

2245 3427 2452 3482 Zantur.
2484 3427 2709 3484 Peccata
2736 3443 2854 3499 quae
2883 3437 3066 3499 postea
3097 3429 3380 3485 orantibus
3401 3425 3707 3482 dimittuntur,
3727 3423 3763 3470 et

2244 3515 2654 3594 pmnitentibus,
2709 3522 2901 3592 quibus
2948 3519 3203 3592 dimittit,
3261 3519 3540 3592 baptizatis
3581 3510 3758 3570 dimittit.

2244 3613 2374 3671 Nam
2407 3611 2672 3686 quomodo
2697 3612 2900 3680 dicunt,
2929 3611 3089 3669 Pater
3118 3623 3314 3681 noster,
3345 3613 3436 3684 qui
3467 3607 3666 3666 nondum
3684 3599 3760 3656 nali

2245 3704 2809 3762 sunt?Catechumeni
2855 3704 3107 3776 quamdiu
3157 3713 3305 3772 sunt,
3351 3717 3506 3774 super
3544 3697 3645 3754 illus
3675 3697 3758 3792 sntit

2245 3798 2423 3853 omnia
2452 3805 2667 3866 peccata
2694 3811 2900 3851 eorum.
2934 3795 2990 3851 Si
3018 3794 3414 3860 catecltumeni,
3441 3797 3622 3861 quanto
3641 3791 3758 3850 magis

2246 3889 2482 3962 Pa'gani?
2504 3897 2705 3960 quanto
2733 3889 2899 3960 magis
2926 3887 3163 3944 hrcretici
3183 3887 3206 3940 ?
3229 3886 3337 3943 Sed
3367 3881 3610 3940 haereticis
3632 3869 3756 3942 Bapti-

2245 3997 2419 4039 smum
2469 3991 2572 4038 non
2613 3987 2902 4037 mutamus.
2950 3978 3168 4049 Quare?
3201 3980 3338 4050 Quia
3372 3978 3449 4034 sic
3480 3973 3649 4030 habent
3685 3963 3755 4018 Bav

2247 4076 2517 4149 ptismum,
2549 4075 2817 4147 qdomodo
2843 4074 3085 4130 desertor
3112 4074 3274 4130 habet
3316 4073 3647 4130 characterem
3673 4055 3752 4114 εἰη

2247 4171 2300 4226 et
2321 4170 2406 4224 isti
2433 4168 2631 4224 habent
2656 4168 3016 4238 Baptismum;
3046 4163 3265 4234 habent,
3293 4165 3388 4222 sed
3410 4160 3539 4220 unde
3557 4155 3752 4212 damnen-

2249 4271 2351 4329 tur,
2386 4278 2494 4317 non
2515 4261 2655 4317 unde
2680 4269 3025 4316 coronentur.
3063 4257 3131 4315 Et
3168 4265 3346 4314 tamen
3384 4257 3429 4312 si
3456 4251 3659 4310 desertor
3675 4241 3750 4310 ipse

2247 4358 2518 4414 eorrectus
2557 4354 2775 4426 incipiat
2817 4353 3067 4421 militare,
3094 4351 3351 4425 numquid
3371 4348 3521 4407 audet
3541 4340 3750 4417 qui-“ﬁl”am

2248 4447 2297 4504 ei
2328 4448 2688 4503 characterem
2719 4445 2962 4502 mutare?

2321 4539 2546 4597 CAPUT
2582 4537 2672 4596 1X.
2700 4569 2772 4579 —
2791 4539 2880 4595 17.
2911 4536 2989 4593 De
3013 4537 3374 4594 resurrectione
3396 4529 3548 4589 carnis
3578 4524 3623 4579 in
3643 4517 3747 4575 vitam

2247 4643 2507 4689 wteruam.
2533 4631 2816 4688 Credimus
2841 4631 3000 4688 etiam
3026 4632 3464 4687 resurrectionem
3482 4615 3646 4680 carnis.
3665 4619 3743 4680 απεε

2249 4726 2521 4798 praecessit
2551 4724 2604 4780 in
2645 4723 2858 4779 Christo
2890 4741 2902 4778 :
2935 4731 2994 4779 ut
3024 4722 3127 4778 hoc
3170 4724 3331 4778 etiam
3379 4711 3739 4806 speretmcoofll'lis

2248 4816 2391 4892 quod
2422 4816 2692 4888 praecessit
2723 4816 2773 4870 in
2814 4815 3009 4887 capite.
3056 4813 3230 4886 Caput
3275 4809 3513 4869 Ecclesia
3544 4799 3737 4857 Christus,
3810 4815 3811 4880 p

2241 4911 2484 4968 Ecclesia
2511 4926 2701 4982 corpus
2730 4907 2927 4966 Christi
2958 4903 3372 4984 (Ep/tes.v,23).
3400 4903 3549 4974 Caput
3566 4893 3738 4949 nostrum
3810 4903 3811 4908 ‘

2249 5003 2500 5070 surrexit,
2530 4999 2838 5058 ascenditin
2870 5002 3109 5058 malum:
3139 4999 3231 5056 ubi
3256 5005 3428 5072 caput,
3449 4991 3541 5050 illic
3561 4984 3740 5078 amelli:

2249 5096 2364 5152 bra.
2397 5094 2676 5164 Quomodo
2716 5093 2895 5149 carnis
2923 5070 3401 5150 resurrectionem?
3423 5085 3490 5144 Ne
3512 5075 3622 5136 forte

2251 5192 2443 5263 aliquis
2485 5189 2752 5264 quomodo
2780 5187 2985 5257 Lazari,
3016 5197 3072 5244 ut
3097 5188 3236 5244 scias
3264 5203 3368 5243 non
3390 5185 3459 5240 sic
3482 5187 3595 5264 esse,
3629 5155 3733 5264 alii"

2250 5262 2359 5339 tum
2385 5292 2487 5349 est,
2509 5262 2566 5337 lu
2589 5283 2749 5337 vitam
2780 5291 3056 5338 aeternam.
3077 5279 3375 5351 Regeneret
3391 5289 3473 5332 vos
3493 5262 3621 5326 Deus,
3639 5262 3726 5352 οοξξέ

2249 5384 2429 5432 servet
2456 5383 2511 5432 et
2539 5382 2748 5431 tueatur
2782 5391 2876 5430 vos
2917 5374 3091 5441 Deus;
3123 5369 3174 5429 in
3201 5390 3281 5442 se,
3334 5370 3416 5446 qui
3445 5371 3515 5423 est
3541 5358 3626 5429 ipsa
3657 5347 3724 5398 "1’

2250 5479 2470 5535 aeterna,
2501 5467 2755 5540 perducat
2779 5482 2874 5524 vos
2894 5467 3052 5523 Deus.
3077 5470 3269 5525 Amen.

2314 5583 2332 5614 ι
2368 5582 2440 5634 sic
2461 5588 2567 5633 Mss.
2593 5579 2714 5634 Editi
2733 5592 2874 5644 vero,
2899 5579 3117 5644 majoris.
