3860 6390
579 375 1557 540 ᾖῡῐῐῐὶἱ

1666 373 2656 548 im

1132 619 1637 682 HIPPONENSIS
1678 620 2032 683 EPISCOPI

1283 751 1285 760 ε
1405 725 1818 837 SERMO

149 889 393 1032 DE
519 881 1658 1031 DISCIPLINA
1778 874 3114 1034 CHRISTIANA‘.

1367 1078 1857 1116 Mm.

90 1161 278 1221 CAPUT
330 1159 615 1217 PRIMUM.
667 1188 741 1199 —
785 1157 834 1212 1.
884 1157 1144 1214 Sermonis
1180 1164 1552 1229 argumentum.

41 1257 218 1310 Locutus
271 1261 348 1308 est
404 1252 471 1307 ad
530 1265 630 1306 nos
681 1264 859 1304 sermo
913 1249 1054 1315 Dei,
1108 1256 1162 1304 et
1217 1248 1562 1318 depromptus

43 1345 178 1402 estad
217 1343 630 1401 exhortationem
671 1349 908 1402 nostram
934 1382 950 1406 ,
995 1340 1207 1396 dicente
1251 1339 1560 1410 Scriptura,

48 1438 222 1508 Accipite
242 1435 548 1502 disciplinam
579 1434 634 1487 in
671 1432 821 1486 domo
850 1431 1132 1503 disciplina:
1162 1429 1346 1504 (Eecli.
1376 1446 1451 1497 LI,
1471 1431 1561 1496 5|,

52 1529 142 1600 36).
164 1527 414 1599 Disciplina,
442 1542 477 1582 a
506 1525 769 1584 discendo
799 1524 940 1580 dicta
962 1533 1045 1580 est
1086 1543 1101 1578 :
1131 1523 1427 1594 disciplina:
1456 1522 1556 1578 do—

59 1636 169 1685 mus,
204 1628 267 1675 est
300 1618 542 1674 Ecclesia
592 1614 807 1674 Christi.
852 1615 988 1683 Quid
1015 1631 1143 1686 ergo
1171 1615 1260 1671 hic
1301 1615 1559 1682 discitur,

51 1709 112 1764 vel
128 1723 253 1779 quare
267 1708 526 1764 discitur?
550 1707 656 1776 Qui
676 1715 800 1762 sunt
818 1706 910 1777 qui
935 1706 1182 1773 discunt,
1213 1715 1265 1762 et
1293 1721 1324 1762 a
1350 1720 1454 1776 quo
1475 1704 1560 1759 di-

42 1800 186 1855 scunt?
205 1799 411 1854 Discitur
434 1801 579 1855 bene
601 1799 798 1853 vivere.
825 1796 1048 1866 PrOpter
1070 1797 1171 1851 hoc
1187 1795 1409 1850 discitur
1422 1795 1560 1850 bene

43 1891 187 1953 vivere,
214 1900 262 1944 ut
309 1890 657 1960 perveniatur
701 1887 769 1945 ad
819 1903 1038 1958 semper
1083 1887 1282 1943 vivere.
1338 1887 1561 1942 Discunt

47 1979 275 2049 ﬁnistiaui,
304 1983 454 2039 docet
481 1981 753 2037 Christus.
783 1980 964 2036 Primo
989 1995 1142 2051 ergo,
1167 1978 1294 2050 quid
1323 1980 1393 2034 sit
1423 1979 1560 2035 bene

43 2073 188 2140 virere;
211 2073 410 2141 deinde,
441 2090 570 2146 quae
615 2075 686 2130 sit
734 2088 945 2128 merces
989 2072 1143 2128 bona;
1173 2073 1326 2138 vitm;
1363 2073 1516 2127 tertio
1540 2113 1556 2140 ,

40 2167 100 2235 qui
113 2167 194 2221 sint
213 2169 308 2222 veri
335 2167 669 2233 Christiani;
696 2175 889 2240 quarto
910 2208 926 2234 ,
958 2165 1080 2238 quis
1105 2166 1175 2222 sit
1203 2182 1360 2221 verus
1390 2165 1558 2237 magi-

37 2267 281 2327 stet,me
312 2259 670 2328 loquentibus
696 2257 886 2324 nobis,
911 2257 1050 2312 sicut
1073 2255 1239 2311 donat
1261 2256 1519 2312 Dominus
1535 2296 1552 2322 ,

37 2347 175 2403 audire
191 2348 478 2422 dignemini.
508 2350 717 2406 Omnes
739 2349 794 2404 in
823 2349 985 2405 domo
1012 2348 1310 2418 disciplina:
1336 2361 1552 2414 sumus,

39 2437 106 2494 sed
119 2439 233 2495 multi
256 2440 438 2496 nolunt
465 2441 673 2496 habere
686 2439 1054 2511 disciplinam;
1079 2449 1132 2495 et
1162 2438 1302 2510 quod
1326 2449 1406 2495 est
1425 2453 1550 2509 per-

45 2530 201 2599 versius,
228 2547 318 2588 nec
340 2533 395 2588 in
419 2532 592 2588 domo
627 2531 925 2602 disciplinae
953 2531 1138 2586 volunt
1167 2518 1365 2586 habere
1391 2529 1557 2585 disci-
1593 2537 1596 2540 '

53 2619 192 2692 plina.
212 2625 334 2682 Cum
359 2636 652 2697 propterea
685 2625 916 2681 debeant
961 2624 1015 2679 in
1041 2623 1208 2680 domo
1261 2622 1557 2692 disciplinae

52 2713 213 2784 adpete
234 2715 566 2787 disciplinam
587 2757 602 2782 ,
635 2723 692 2770 ut
723 2723 936 2770 servent
972 2714 1115 2769 illam
1142 2722 1196 2769 et
1223 2713 1279 2766 in
1305 2711 1552 2767 domibus

49 2803 133 2868 εὼς
147 2805 227 2876 ipsi
251 2819 455 2877 contra,
478 2807 1032 2878 indiscipliuationem
1053 2822 1160 2861 non
1178 2805 1352 2862 solum
1385 2804 1436 2859 in
1461 2803 1558 2860 do-

45 2894 160 2953 mbas
179 2900 275 2956 suis
300 2900 498 2958 habere
530 2899 741 2966 volunt,
767 2899 859 2955 sed
886 2897 1031 2954 ferre
1049 2899 1194 2952 illam
1211 2912 1394 2952 secum
1413 2905 1465 2951 et
1479 2895 1548 2950 ad

42 2983 192 3043 domum
210 2989 516 3062 disciplinae.
534 2990 664 3046 Ideo
692 2989 831 3060 apud
861 3004 995 3061 quos
1017 3003 1122 3044 non
1149 2994 1302 3043 vacat
1325 2986 1553 3042 verbum

43 3075 130 3148 Dei,
151 3081 224 3152 qui
245 3097 329 3139 cor
354 3083 470 3138 auri
501 3082 873 3153 coniungunt;
901 3079 991 3152 qui
1019 3096 1126 3134 non
1153 3088 1279 3134 sunt
1304 3079 1420 3142 via,
1466 3077 1554 3133 ubi

43 3183 170 3228 tuneo
190 3188 296 3229 cum
340 3175 606 3232 ceciderit
631 3173 699 3228 ab
747 3172 936 3228 avibus
980 3171 1282 3241 colligitur;
1329 3169 1417 3239 qui
1451 3185 1558 3224 non

15 3305 18 3308 .
44 3269 320 3332 smtpetrosa
341 3267 461 3321 loca
488 3310 505 3334 ,
539 3265 631 3320 ubi
663 3279 846 3321 semen
887 3264 1047 3317 altam
1094 3260 1329 3316 radicem
1361 3258 1558 3314 habere

21 3425 24 3428 _
49 3364 368 3425 Mp0test,et
395 3358 461 3413 ad
491 3359 683 3414 horam
711 3355 840 3423 exit,
873 3365 928 3410 et
953 3354 1008 3408 in
1051 3361 1184 3408 aestu
1209 3351 1438 3414 (arescit;
1467 3349 1555 3420 qui

17 3451 225 3512 illusum
245 3464 364 3520 ager
387 3449 670 3521 spinosus,
699 3446 786 3501 ubi
808 3459 994 3500 semen
1021 3459 1142 3499 cum
1179 3439 1558 3514 germinaverit

15 3534 126 3590 «fctio
139 3552 269 3595 auras
292 3555 510 3612 surgere
542 3539 791 3608 coeperit,
819 3537 1097 3608 spinarum
1118 3533 1382 3589 densitate
1394 3530 1556 3585 salio-

23 3631 146 3680 utur
166 3645 178 3680 :
199 3630 280 3684 sed
305 3631 391 3702 qui
413 3640 545 3686 sunt
571 3639 708 3684 terra
737 3629 874 3684 bona
903 3634 1084 3697 parata
1115 3639 1300 3680 semen
1343 3623 1554 3693 accipe-

47 3727 111 3781 re,
128 3726 168 3772 et
183 3718 386 3777 fructum
408 3722 643 3778 reddere
664 3719 748 3774 vel
771 3728 1075 3781 centenum,
1096 3716 1177 3772 vel
1204 3729 1554 3784 sexagenum,

47 3806 104 3860 Vel
123 3809 336 3868 vicenum
367 3811 773 3888 (recordamini,
806 3809 895 3881 qui
925 3824 1031 3864 non
1055 3807 1170 3863 sine
1199 3821 1361 3862 causa
1387 3806 1556 3860 intra-

48 3896 347 3974 tbdisciplinze
365 3906 610 3961 scholam
629 3945 644 3970 ,
665 3903 762 3957 has
789 3917 876 3957 me
897 3898 1271 3956 similitudines
1295 3913 1359 3952 ex
1382 3896 1558 3951 Evan-

20 3985 140 4056 -βτιο
158 4005 584 4052 commemorasse
627 3991 837 4068 [Matth
866 4007 979 4058 χιιι,
1024 3987 1255 4062 5-25]);
1287 3987 1376 4060 qui
1423 4002 1556 4059 ergo

157 4075 280 4156 sum,
302 4090 568 4160 accipiant
617 4086 760 4158 quod
803 4101 898 4158 per
942 4099 1030 4140 me
1085 4081 1342 4138 Dominus
1379 4079 1558 4136 dicere

54 4164 244 4241 ﬁnitur.
270 4179 376 4251 Ego
393 4181 541 4237 enim
560 4222 576 4248 ,
598 4179 851 4249 quoniam
873 4177 962 4231 ille
987 4174 1232 4240 seminat,
1252 4171 1378 4244 quid
1393 4186 1511 4227 sum
1529 4169 1554 4226 ‘t

17 4253 115 4316 -Τιι
131 4266 353 4338 cophinus
376 4268 712 4326 seminantis.
737 4268 855 4338 Ipse
898 4266 952 4322 in
997 4280 1084 4322 me
1127 4277 1327 4336 ponere
1368 4260 1557 4332 digna-

16 4365 22 4420 ζ
53 4356 137 4408 υιῐ²
155 4360 274 4428 quod
298 4363 442 4419 vobis
459 4368 701 4434 spargat.
730 4359 909 4416 Nolite
935 4373 1061 4430 ergo
1084 4353 1360 4412 attendere
1381 4351 1449 4409 ad
1475 4352 1557 4409 vi-

55 4441 194 4506 litatem
209 4455 400 4524 eophiui
421 4497 436 4522 ,
463 4455 561 4511 sed
583 4454 652 4510 ad
680 4453 992 4509 eharitatem
1017 4448 1245 4507 seminis
1269 4455 1325 4503 et
1353 4446 1420 4503 ad
1452 4461 1555 4518 po-

12 4563 14 4566 -
55 4540 230 4597 testatcm
253 4545 608 4602 seminatoris.

101 4623 276 4688 CAPUT
303 4633 364 4690 ll.
397 4665 468 4676 ——
505 4635 564 4689 2.
614 4631 899 4688 Dicendum
941 4630 1065 4702 quid
1110 4630 1175 4686 sit
1213 4629 1334 4684 bene
1376 4629 1555 4686 vivere.

60 4709 250 4790 Pmepta
269 4721 382 4780 bene
407 4725 606 4781 uiuendi
621 4741 720 4779 uno
737 4724 873 4779 brevi
895 4729 1136 4793 etaperto
1163 4721 1402 4776 mandato
1423 4737 1561 4776 com-

61 4806 253 4868 πελεκισ-
291 4815 420 4887 Quid
466 4825 554 4874 est
619 4830 747 4887 ergo
800 4814 939 4871 bene
1001 4813 1180 4870 vivere
1206 4854 1222 4880 ,
1283 4811 1424 4884 quod
1474 4811 1563 4869 hic

61 4889 248 4956 discitur?
259 4903 516 4980 Praecpta
530 4905 695 4962 multa
709 4914 833 4961 sunt
847 4903 901 4962 in
914 4901 1075 4975 Lege,
1090 4901 1280 4974 quibus
1292 4902 1404 4974 ipsa
1420 4901 1562 4959 bona

61 4983 133 5040 illa
159 4994 442 5067 continetur,
473 4999 765 5070 imperatur
789 5005 846 5052 et
873 4994 1114 5051 discitur.
1142 4993 1302 5049 Multa
1335 4994 1555 5050 omnino

63 5086 257 5152 [Recepta
278 5097 425 5157 sunt,
457 5087 882 5145 innumerabilia.
905 5086 1300 5156 Prmceptorum
1318 5084 1557 5156 ipsorum

65 5169 224 5238 μείω
243 5177 318 5235 vix
342 5181 618 5254 quisquam
645 5186 944 5247 enumerat,
972 5186 1172 5249 quanto
1196 5175 1365 5248 magis
1395 5175 1508 5248 ipsa
1533 5176 1558 5231 ?

1665 1157 1796 1226 Quae
1825 1158 1993 1213 voluit
2045 1167 2222 1214 tamen
2254 1159 2415 1225 Deus,
2445 1166 2662 1230 pr0pter
2685 1175 2779 1217 cos
2821 1162 2910 1233 qui
2951 1177 3009 1218 se
3038 1171 3260 1234 possent

1669 1263 1925 1304 excusare
1949 1291 1964 1313 ,
2014 1249 2098 1305 vel
2141 1249 2260 1320 quia
2318 1251 2396 1305 eis
2424 1267 2530 1306 non
2557 1261 2709 1308 vacat
2737 1252 2915 1324 legere
2941 1294 2958 1322 ,
3005 1255 3089 1310 vel
3131 1257 3257 1325 quia

1669 1355 1775 1396 non
1821 1350 2016 1396 norunt
2073 1342 2294 1414 legere,
2361 1343 2442 1398 vel
2491 1344 2612 1414 quia
2666 1361 2772 1400 non
2822 1355 3046 1416 possunt
3100 1345 3255 1402 facile

1669 1433 2004 1504 intelligere,
2063 1442 2122 1488 ut
2171 1435 2569 1494 excusationem
2625 1451 2783 1492 nemo
2827 1437 3020 1492 habeat
3067 1436 3119 1491 in
3169 1435 3256 1491 die

1662 1524 1885 1595 judieii,
1938 1525 2144 1592 voluit,
2197 1525 2332 1581 sicut
2383 1527 2642 1598 scriptum
2707 1536 2824 1596 est,
2880 1542 3254 1601 consummare

1667 1625 1720 1671 et
1772 1614 2016 1672 breviare
2068 1617 2289 1672 verbum
2348 1633 2510 1688 super
2565 1629 2798 1686 terram,
2853 1620 2991 1675 sicut
3039 1619 3107 1675 de
3157 1619 3254 1676 illo

1668 1707 1926 1775 propheta
1987 1707 2306 1776 pnndixerat
2352 1727 2365 1764 :
2421 1708 2639 1764 Verbum
2700 1711 2831 1764 enim
2899 1727 3254 1768 eonsummans

1665 1811 1710 1854 et
1730 1799 1958 1856 breviatis
1985 1802 2133 1872 faciet
2158 1801 2406 1856 Dominus
2435 1819 2586 1872 super
2613 1814 2797 1858 terram
2840 1803 3001 1876 (Isai.
3049 1821 3103 1870 Χ,
3129 1803 3252 1874 25).

1666 1892 1780 1948 lloe
1801 1894 1978 1962 ipsum
2009 1894 2230 1948 verbum
2259 1904 2684 1950 consummatum
2716 1904 2769 1951 et
2802 1895 3120 1964 breviatum,
3149 1913 3253 1953 nec

1664 1982 1949 2039 obscurum
1983 1999 2104 2040 esse
2137 1985 2276 2039 Deus
2300 1984 2482 2039 voluit.
2512 1985 2638 2040 Ideo
2667 1985 2850 2048 breve,
2873 2001 2941 2041 ne
2967 2001 3072 2041 non
3092 2002 3250 2042 vaca-

1665 2082 1745 2128 ret
1766 2074 1944 2144 legere
1975 2092 1987 2126 :
2021 2075 2139 2130 ideo
2168 2086 2444 2146 apertum,
2493 2090 2560 2132 ne
2590 2074 2766 2144 dicat,
2796 2075 2921 2130 Mihi
2961 2092 3068 2133 non
3092 2077 3245 2134 licuit

1664 2163 1980 2236 intelligere.
2027 2165 2333 2221 Thesaurus
2380 2182 2507 2237 ergo
2550 2175 2634 2222 est
2675 2182 2898 2238 magnus
2941 2166 3243 2223 divinarum

1662 2256 2076 2327 Scripturarum,
2105 2258 2306 2314 habens
2330 2258 2382 2313 in
2406 2274 2464 2314 se
2489 2259 2751 2314 mirabilia
2776 2269 3040 2329 pmecepta
3055 2259 3244 2326 multa,

1665 2356 1912 2419 tanquam
1941 2349 2134 2405 multas
2161 2364 2418 2420 gemmas,
2447 2358 2501 2405 et
2528 2351 2758 2421 pretiosa
2788 2351 3028 2417 monilia,
3047 2360 3100 2406 et
3115 2343 3243 2406 vasa

1663 2440 1893 2512 ingentia
1920 2449 1974 2497 et
2008 2441 2182 2512 magni
2229 2442 2450 2497 metalli.
2502 2441 2610 2498 Sed
2655 2443 2774 2514 quis
2803 2451 2980 2514 potest
3019 2446 3252 2500 serutari

1664 2534 1970 2590 thesaurum
1994 2534 2152 2588 istum
2173 2576 2189 2600 ,
2217 2543 2272 2590 et
2311 2535 2386 2589 uti
2417 2550 2482 2590 eo
2502 2576 2518 2601 ,
2560 2543 2615 2590 et
2644 2535 2924 2605 pervenire
2971 2535 3038 2590 ad
3066 2535 3248 2591 omnia

1661 2637 1780 2692 quae
1804 2622 1875 2677 ibi
1905 2622 2073 2677 sunt?
2097 2623 2319 2691 Quando
2346 2623 2483 2678 hane
2533 2623 2936 2681 similitudinem
2988 2623 3247 2680 Dominus

1661 2713 1808 2769 dedit
1831 2713 1882 2768 in
1915 2714 2199 2785 Evangelio
2219 2728 2336 2780 suo,
2369 2723 2424 2770 et
2445 2714 2598 2779 dixit,
2621 2714 2802 2769 Simile
2823 2723 2897 2768 est
2916 2730 3124 2785 regnum
3146 2730 3253 2769 etz-

1661 2805 1825 2858 lorum
1849 2806 2080 2860 thesauro
2102 2807 2300 2862 invento
2321 2806 2373 2860 in
2398 2821 2544 2876 agro;
2565 2820 2634 2862 ne
2655 2805 2774 2876 quis
2815 2820 2874 2861 se
2903 2805 3079 2862 minus
3122 2804 3240 2860 ido—'

1661 2911 1819 2952 neum
1849 2896 2049 2952 diceret
2074 2897 2138 2952 ad
2161 2897 2602 2966 perserutandum
2624 2897 2930 2952 thesaurum
2951 2939 2966 2964 ,
2988 2896 3244 2953 continuo

1661 2986 1805 3043 dedit
1838 2988 1992 3042 aliam
2025 2989 2447 3054 similitudinem,
2494 2989 2676 3044 Simile
2713 2999 2822 3056 est,
2855 2989 3132 3060 inquiens,
3160 3005 3248 3044 re-

1661 3095 1816 3149 gnum
1842 3079 2081 3141 coelorum
2109 3078 2298 3134 homini
2325 3079 2624 3150 negotiatori
2652 3079 2893 3149 querenti
2913 3077 3070 3134 bonas
3103 3095 3244 3133 mar-

1661 3169 1886 3239 garitas,
1940 3169 2027 3240 qui
2067 3169 2254 3223 invenit
2297 3186 2452 3224 unam
2497 3171 2770 3242 pretiosam
2801 3169 3162 3240 margaritam,
3193 3177 3242 3224 et

1661 3260 1882 3312 vendidit
1909 3259 2077 3313 omnia
2096 3276 2208 3328 qua:
2227 3259 2421 3326 habuit,
2445 3269 2492 3314 et
2530 3260 2646 3314 emit
2682 3261 2825 3314 illam
2860 3258 3068 3333 (Matth.
3113 3275 3208 3314 xm
3229 3300 3246 3325 ,

1663 3350 1853 3423 41-16)
1872 3369 1885 3406 :
1902 3359 1957 3405 ut
1981 3350 2024 3406 si
2045 3352 2191 3422 piger
2216 3367 2335 3407 eras
2358 3350 2424 3406 ad
2444 3350 2885 3422 perserutandum
2914 3350 3248 3420 thesaurum,

1663 3457 1768 3496 non
1794 3443 1867 3498 sis
1893 3443 2039 3514 piger
2066 3459 2225 3499 unam
2266 3445 2606 3514 margaritam
2648 3445 2750 3500 sub
2779 3444 2958 3516 lingua
2985 3444 3126 3500 ferre
3144 3486 3160 3513 ,
3183 3452 3242 3500 et

1662 3547 1766 3602 quo
1788 3533 1865 3586 vis
1892 3548 2112 3588 securus
2141 3534 2414 3589 ambulare
2442 3535 2482 3588 ⁸.

1732 3621 1958 3678 CAPUT
1987 3622 2070 3678 lll.
2102 3655 2173 3664 —
2193 3625 2246 3680 '5.
2280 3623 2582 3679 Mandatum
2604 3624 2848 3698 diligendi
2878 3623 3040 3678 Deum
3062 3632 3107 3678 et
3125 3639 3250 3695 pro-

1662 3711 2154 3770 :rimum.Pro:rimus
2178 3715 2309 3786 quis.
2332 3715 2483 3784 Quod
2505 3723 2587 3771 est
2609 3731 2734 3786 ergo
2761 3715 2980 3771 verbum
2997 3729 3253 3770 consum-

1665 3819 1816 3860 mans
1832 3814 1884 3858 et
1898 3805 2184 3860 brevians?
2204 3805 2400 3877 Diliges
2429 3805 2701 3860 Dominum
2719 3806 2876 3860 Deum
2898 3817 3036 3860 tuum
3058 3821 3123 3860 ea:
3147 3815 3254 3860 toto

1664 3895 1812 3949 corde
1840 3904 1946 3962 tuo,
1980 3905 2024 3950 et
2053 3913 2114 3950 ea:
2139 3905 2241 3950 tota
2269 3898 2440 3950 anima
2460 3907 2576 3963 tua,
2600 3906 2646 3950 et
2667 3913 2730 3952 ea:
2758 3907 2862 3950 tota
2889 3909 3051 3953 mente
3071 3907 3181 3962 tua;
3204 3907 3255 3952 et

1665 3985 1843 4057 diliges
1868 3987 2154 4057 proximum
2178 3996 2322 4041 tuum
2351 3988 2481 4041 sicut
2509 3997 2555 4042 te
2599 3992 2788 4058 ipsum.
2832 3985 2896 4039 In
2939 3987 3018 4042 his
3057 3985 3254 4041 duobus

1665 4079 1927 4150 prwceptis
1955 4087 2060 4134 tota
2102 4079 2211 4132 Leu:
2257 4081 2439 4149 pendet
2479 4092 2525 4133 et
2556 4078 2828 4150 Prophetw
2863 4078 2974 4152 (Id.
3005 4095 3135 4145 χχιι,
3155 4079 3256 4133 57-

1666 4169 1780 4248 40).
1808 4170 1947 4226 Ecce
1962 4170 2102 4241 quod
2131 4171 2354 4226 discitur
2377 4172 2426 4224 in
2458 4169 2618 4224 domo
2644 4170 2941 4239 disciplinac
2971 4187 2984 4222 :
3021 4169 3252 4239 Diligcrc

1667 4262 1855 4332 Deum,
1885 4261 2106 4334 diligere
2155 4264 2487 4333 proximum;
2538 4263 2701 4316 Deum
2755 4272 3004 4332 tanquam
3035 4261 3200 4316 Deum
3224 4302 3241 4329 ,

1665 4353 1966 4424 proximum
1994 4362 2242 4425 tanquam
2267 4363 2339 4409 te.
2369 4353 2481 4408 Non
2509 4355 2652 4409 enim
2681 4353 2888 4410 invenis
2911 4368 3086 4423 parem
3113 4353 3244 4419 Deo,

1667 4455 1725 4502 ut
1749 4447 1918 4518 possit
1942 4447 2034 4502 tibi
2057 4447 2182 4513 dici,
2205 4447 2373 4518 Dilige
2403 4448 2568 4502 Deum
2599 4448 2741 4503 sicut
2778 4447 2954 4518 diligis
2977 4448 3140 4502 illum.
3176 4448 3259 4516 De,

1670 4537 1910 4608 proximo
1939 4536 2150 4593 inventa
2195 4547 2276 4594 est
2333 4539 2427 4594 tibi
2478 4538 2698 4610 regula,
2729 4539 2850 4610 quia
2897 4540 3143 4593 inventus
3196 4553 3256 4594 es

1669 4629 1913 4700 proximo
1940 4637 2030 4685 tuo
2060 4646 2155 4701 par
2203 4639 2257 4685 tu
2312 4631 2446 4700 ipse.
2493 4631 2700 4699 Qumris
2753 4628 3022 4700 quomodo
3067 4628 3257 4698 diligas

1668 4722 1968 4794 proximum
1989 4723 2256 4779 ?Attende
2277 4733 2328 4778 te
2359 4725 2562 4792 ipsum;
2584 4731 2638 4778 et
2670 4720 2938 4792 quomodo
2971 4729 3025 4776 te
3055 4720 3256 4790 diligis,

1669 4813 1746 4870 sic
1775 4813 1932 4886 dilige
1959 4815 2285 4885 proximum.
2330 4813 2444 4868 Non
2490 4822 2574 4868 est
2614 4811 2701 4866 ubi
2743 4825 2914 4868 erres.
2974 4810 3109 4864 Volo
3145 4809 3258 4880 jam

1670 4920 1798 4978 ergo
1835 4914 1890 4962 et
1938 4905 2031 4962 tibi
2053 4905 2390 4962 committere
2421 4905 2720 4975 proximum
2751 4912 2898 4956 tuum
2921 4944 2937 4966 ,
2971 4911 3026 4956 ut
3066 4900 3260 4971 diligas

1670 5011 1792 5054 eum
1825 5006 2073 5067 tanquam
2105 5004 2156 5051 te
2181 4996 2351 5065 ipsum
2377 5013 2390 5048 :
2420 4995 2562 5060 volo,
2590 4993 2682 5049 sed
2713 4993 2885 5048 adhuc
2910 4992 3095 5046 timeo.
3125 4990 3257 5046 Volo

1673 5089 1765 5145 tibi
1806 5089 1983 5146 dicere
2012 5127 2028 5154 ,
2073 5088 2240 5157 Dilige
2293 5086 2594 5158 proximum
2650 5096 2800 5142 tuum
2830 5086 2970 5141 sicut
2997 5084 3173 5155 diligis
3205 5091 3259 5138 te

1673 5179 1875 5250 ipsum;
1895 5179 2124 5235 ettimco
2143 5177 2352 5234 :adhue
2382 5177 2522 5232 enim
2552 5177 2818 5234 discutere
2848 5176 2972 5231 volo
2993 5172 3260 5245 quomodo

1147 5282 1431 5324 ADEONlTlO
1468 5285 1548 5324 PP.
1591 5285 2072 5326 BENBDICTINORUM.

244 5361 300 5412 de
315 5364 557 5429 Disciplina
569 5365 1107 5429 Christianacastigatus
1129 5367 1206 5412 est
1227 5360 1890 5429 ad‘Corbeiensemcodicem
1911 5368 2025 5429 ante
2047 5374 2200 5429 annos
2218 5360 2411 5429 circiter
2425 5359 2518 5429 8_00
2533 5360 2783 5429 scriptum)
2796 5357 2854 5406 ad
2862 5363 3257 5429 Germanenscmp

69 5413 1206 5491 όίξᾶὶῇιίὦξᾘᾶἑοεξαιεηεεω
1229 5423 1436 5472 abbatize
1458 5431 1503 5472 s.
1530 5425 1693 5484 Mauri,
1717 5423 1778 5473 ad
1797 5424 2145 5474 Cistercienses
2165 5423 2305 5483 duos,
2332 5428 2384 5472 et
2405 5421 2463 5469 ad
2487 5413 2731 5472 editiones
2751 5413 2826 5468 Er.
2851 5423 2904 5468 et
2923 5424 3034 5466 ιον.

123 5496 572 5584 Comparauimus
596 5518 899 5592 praeterea
933 5527 1032 5569 eas
1062 5525 1268 5568 omnes
1299 5505 1599 5569 editiones
1629 5507 1814 5571 initio
1846 5509 2016 5570 Reir.
2042 5512 2097 5566 et
2123 5504 2436 5580 Confess.,
2458 5514 2503 5565 t.
2537 5507 2596 5579 1,
2625 5509 2990 5564 memoratas
3089 5499 3172 5559 M.

109 5600 297 5685 2³].κὲ-
317 5611 552 5685 ριεξτίείιιιεε
587 5613 856 5685 appellatur
891 5607 1567 5685 liter...attatibelltem'f-

77 5661 151 5740 illi
230 5661 900 5740 Digc'iplinwa‘le‘hris'tianiarsive'
915 5661 984 5740 de
999 5661 1262 5740 Ig’isciplina
1277 5661 1570 5740 Christiano-

243 5727 366 5784 editis
385 5741 454 5785 Er.
480 5745 530 5800 et.
545 5727 650 5786 ιον.
673 5727 880 5799 additur,
904 5735 977 5787 rel
1002 5734 1061 5787 de
1085 5727 1213 5783 Dono
1243 5728 1535 5795 Disciplina).

125 5782 140 5811 -
167 5782 316 5855 Aliquot
335 5782 454 5857 es;
477 5782 706 5863 arma

1741 5611 1756 5642 ¹
1795 5610 2016 5675 Plerique
2038 5619 2168 5674 Mss,
2187 5613 2232 5662 et
2254 5621 2345 5674 quo
2365 5606 2450 5673 iis,
2473 5619 2670 5658 securus
2687 5599 2895 5655 ambula.
