3860 6284
641 314 740 370 οη

639 429 829 500 diligas
845 435 898 484 te
917 425 1110 497 ipsum.
1127 423 1243 480 Noli
1257 437 1387 494 ergo
1403 437 1542 492 :rgre
1559 419 1716 476 ferre.
1737 418 1852 474 Non
1869 434 1926 473 es
1945 426 1997 472 tu
2016 417 2127 488 ipse
2144 415 2226 468 l'a-

639 521 740 578 cile
756 517 1122 580 dimittendus,
1151 516 1236 571 cui
1257 523 1340 570 est
1360 515 1636 584 proximus
1649 510 2092 568 cmnmittendus:
2121 523 2228 562 non

643 613 948 668 transitorie
971 621 1143 665 tecum
1173 607 1437 678 agendum
1462 613 1562 658 est.
1579 603 1657 658 Tu
1675 619 1807 656 unus
1825 601 1988 655 homo
2005 616 2083 664 es,
2105 614 2206 668 pro
2222 627 2234 638 -

642 705 771 773 ximi
790 706 862 760 tui
880 705 1028 758 multi
1046 712 1187 758 sunt.
1208 701 1320 756 Non
1343 701 1481 755 enim
1502 698 1672 767 primo
1689 697 1765 750 sic
1781 696 1945 750 debes
1964 695 2227 762 intellige-

643 816 700 855 re
714 795 1131 868 proximum,vel
1151 794 1396 856 fratrem,
1428 791 1509 844 vel
1531 799 1812 859 cognatum
1835 829 1847 848 ,
1877 786 1960 840 vel
1989 784 2224 840 altiuem.

645 891 927 945 Proximus
949 887 1090 942 enim
1115 894 1197 940 est
1211 883 1354 938 omni
1377 881 1577 937 homini
1600 879 1772 934 omnis
1792 877 1972 933 homo.
1993 876 2226 931 Proximi

641 984 742 1038 sibi
776 983 1023 1037 dicuntur
1045 987 1194 1048 pater
1222 987 1275 1032 et
1305 976 1460 1039 titius,
1482 989 1637 1029 socer
1663 981 1716 1027 et
1743 987 1926 1042 gener.
1956 968 2098 1024 Nihil
2121 979 2227 1022 tam

642 1076 940 1148 proximum
966 1114 980 1133 ,
1002 1086 1160 1141 quam
1190 1069 1348 1123 homo
1377 1076 1431 1122 et
1460 1067 1638 1120 homo.
1657 1065 1758 1120 Sed
1783 1065 1826 1117 si
1856 1073 2100 1132 putamus
2123 1077 2228 1116 non

640 1184 761 1222 esse
785 1166 1074 1237 proximos,
1112 1163 1210 1218 nisi
1238 1163 1327 1232 qui
1358 1161 1425 1216 de
1453 1159 1640 1214 iisdem
1668 1157 1974 1228 parentibus
2002 1171 2229 1210 nascun-

641 1269 758 1324 tur;
799 1257 965 1312 Adam
1011 1265 1066 1310 et
1100 1256 1262 1310 Evam
1299 1251 1666 1313 attendamus;
1695 1258 1749 1304 et
1798 1263 1986 1304 omnes
2036 1247 2227 1301 fratres

640 1361 845 1406 sumus.
876 1350 944 1404 Et
972 1349 1183 1419 quidem
1225 1346 1415 1400 fratres
1457 1343 1748 1400 secundum
1793 1340 1931 1411 quod
1984 1339 2227 1394 homines

639 1456 844 1507 smnus,
873 1449 1072 1510 quanto
1107 1437 1272 1507 magis
1317 1434 1606 1491 secundum
1636 1433 1774 1503 quod
1814 1430 2087 1488 christiani
2133 1444 2226 1484 su-

641 1551 759 1589 mus
783 1534 806 1586 ?
833 1535 900 1587 At
929 1532 977 1587 id
1003 1530 1140 1599 quod
1187 1531 1346 1583 homo
1388 1543 1480 1592 es,
1527 1543 1664 1580 unus
1697 1534 1848 1596 pater
1898 1523 1994 1578 fuit
2023 1523 2190 1577 Adam
2208 1561 2232 1588 ,

640 1643 744 1680 una
773 1635 938 1680 mater
964 1624 1074 1680 Eva
1103 1641 1115 1677 :
1147 1623 1213 1678 ad
1243 1623 1295 1676 id
1338 1620 1483 1691 quod
1507 1619 1829 1673 christianus
1848 1631 1906 1671 es
1925 1655 1946 1682 ,
1965 1629 2102 1668 unus
2128 1628 2226 1685 pa-

643 1711 725 1774 ter
743 1728 824 1774 est
843 1719 1000 1782 Deus,
1030 1731 1135 1770 una.
1163 1724 1334 1768 mater
1361 1711 1622 1776 Ecclesia.

716 1808 944 1865 CAPUT
977 1807 1064 1862 IV.
1089 1837 1160 1846 —
1181 1805 1235 1859 4.
1270 1802 1534 1870 Quomodo
1574 1801 1782 1871 diligere
1808 1814 1860 1854 se
1905 1796 2102 1864 debeat,
2145 1795 2227 1850 cui

642 1902 851 1974 jnbetur
895 1899 1105 1970 diligere
1137 1897 1421 1964 proximum
1469 1903 1715 1962 tauquam
1749 1907 1818 1943 se.
1856 1888 2044 1943 Videte
2099 1901 2226 1957 ergo

641 1999 869 2062 quantos
898 1989 1170 2059 proximos
1194 1985 1382 2040 habent
1407 2001 1541 2038 unus
1555 1983 1740 2037 homo.
1759 1982 1960 2036 Omnes
1983 1980 2229 2035 homines

647 2083 700 2135 in
736 2096 870 2151 quos
899 2079 1220 2143 incurrerit,
1269 2076 1460 2147 quibus
1495 2073 1646 2144 juogi
1680 2072 1951 2142 potuerit,
2002 2068 2227 2138 proximi

642 2172 758 2242 ejus
789 2181 929 2225 sunt.
962 2168 1241 2238 Quomodo
1267 2182 1394 2237 ergo
1419 2164 1782 2220 discutiendns
1807 2171 1890 2216 est
1931 2171 2108 2215 utrum
2138 2159 2224 2214 di—

645 2265 769 2333 ligat
795 2277 872 2325 se,
903 2264 986 2315 cui
1012 2258 1380 2316 committendi
1411 2266 1534 2311 sunt
1563 2262 1641 2310 tot
1671 2253 1926 2324 proximi,
1951 2261 2006 2305 nt
2033 2252 2110 2306 sic
2134 2265 2229 2305 eos

641 2351 826 2422 diligat
855 2362 1100 2420 tanquam
1130 2350 1222 2403 se?
1242 2347 1357 2403 Non
1387 2363 1516 2417 ergo
1547 2348 1807 2400 irascatur
1840 2343 2224 2412 unusquisque,

650 2445 695 2496 si
717 2442 946 2495 discutio
972 2439 1239 2511 quomodo
1264 2455 1322 2494 se
1367 2439 1569 2508 diligat.
1623 2437 1780 2491 Certe
1823 2451 1920 2504 ego
1961 2433 2224 2497 discutio,

645 2535 758 2604 ipse
782 2550 840 2589 se
861 2533 1110 2587 inveniat.
1134 2531 1333 2602 thuid
1373 2531 1514 2585 enim
1542 2527 1810 2583 discutio?
1841 2527 1963 2596 quia
2006 2539 2106 2595 ego
2146 2524 2228 2578 in-

643 2637 900 2683 venturus
929 2626 1093 2681 sum?
1119 2625 1244 2679 ideo
1272 2622 1521 2687 discutio,
1555 2630 1612 2675 ut
1661 2622 1773 2690 ipse
1815 2635 1874 2673 se
1903 2619 2224 2687 interroget,

644 2717 756 2788 ipse
786 2718 884 2772 sibi
917 2726 1186 2787 appareat,
1208 2715 1321 2785 ipse
1345 2730 1402 2768 se
1431 2729 1534 2768 non
1569 2713 1750 2776 lateat,
1771 2712 1884 2780 ipse
1911 2709 2011 2763 sibi
2039 2724 2099 2762 se
2119 2722 2224 2761 non

640 2809 968 2876 abscondat,
1024 2811 1138 2881 ipse
1169 2808 1267 2862 sibi
1307 2821 1366 2861 se
1394 2814 1517 2860 ante
1543 2804 1728 2859 oculos
1759 2818 1885 2857 suos
1911 2843 1924 2866 ,
1959 2816 2064 2855 non
2108 2807 2227 2869 post;

642 2903 861 2956 dorsum
893 2910 1071 2971 ponat.
1104 2901 1185 2954 Me
1214 2901 1462 2968 loquente
1494 2897 1649 2951 faciat
1681 2895 1802 2960 hoc,
1835 2909 1919 2948 me
1950 2893 2225 2948 nesciente

643 2993 803 3048 iaciat
830 2994 949 3048 hoc.
978 2992 1258 3062 Quomodo
1288 3001 1338 3044 te
1363 2989 1540 3059 diligis
1568 2989 1592 3041 ’ἶ
1619 2987 1872 3057 Quisquis
1901 3001 1986 3040 me
2024 2983 2180 3038 audis
2201 3023 2218 3048 ,

644 3086 750 3139 imo
777 3085 1015 3154 quisquis
1045 3084 1206 3137 Deum
1237 3099 1330 3151 per
1346 3097 1432 3135 me
1457 3080 1628 3144 audis,
1654 3080 1704 3133 in
1730 3079 1828 3132 hac
1857 3077 2019 3131 domo
2059 3075 2224 3131 disci-

643 3179 820 3247 plinie,
846 3177 1061 3232 attende
1097 3184 1149 3230 te
1173 3215 1187 3235 .
1221 3172 1490 3244 quomodo
1523 3183 1573 3227 te
1594 3171 1787 3241 diligis.
1819 3170 2063 3224 Proiecto
2081 3167 2221 3222 enim

641 3269 684 3321 si
711 3278 760 3322 te
787 3268 1107 3336 interregem
1135 3273 1308 3319 utrum
1339 3264 1530 3334 diligas
1563 3274 1633 3326 te,
1664 3261 1960 3331 respondes
1987 3265 2108 3331 quia
2137 3261 2230 3315 dio

643 3359 780 3426 ligis.
828 3358 956 3425 Quis
1002 3357 1142 3411 enim
1182 3372 1239 3411 se
1266 3355 1378 3410 odit
1414 3355 1440 3409 ?
1489 3356 1599 3410 lloc
1646 3353 1884 3409 dicturus
1925 3371 1985 3410 es
2029 3373 2041 3408 :
2091 3356 2220 3425 Quis

639 3451 783 3503 enim
831 3464 890 3502 se
953 3447 1068 3502 odit
1107 3448 1130 3501 ?
1177 3446 1314 3516 Ergo
1361 3462 1464 3500 non
1525 3446 1700 3516 diligis
1755 3446 2081 3516 iniquitatem
2109 3487 2124 3512 ,
2173 3449 2220 3503 si

641 3549 694 3595 te
715 3539 906 3607 diligis.
940 3538 1069 3593 Nam
1111 3539 1152 3591 si
1180 3537 1355 3608 diligis
1398 3537 1729 3608 iniquitatem
1753 3579 1767 3602 ,
1801 3554 1905 3592 non
1933 3554 2032 3610 ego
2062 3539 2217 3608 dico,

639 3630 906 3685 Psalmum
937 3629 1080 3695 audi,
1114 3630 1214 3695 Qui
1240 3629 1407 3699 diligit
1434 3629 1784 3698 iniquitatem,
1835 3629 1939 3683 odit
1995 3631 2220 3685 animam

638 3739 782 3776 suam
811 3720 980 3791 (l’sal.
1006 3736 1057 3785 Χ,
1101 3719 1180 3790 6).
1213 3721 1350 3790 Ergo
1376 3720 1419 3774 si
1451 3719 1627 3788 diligis
1680 3720 2010 3787 iniquitatem
2030 3763 2044 3789 ,
2094 3721 2218 3777 audi

639 3814 951 3876 veritatem;
983 3813 1256 3867 veritatem
1300 3829 1404 3866 non
1430 3822 1480 3865 te
1509 3811 1810 3881 palpantem
1838 3853 1853 3878 ,
1896 3812 1988 3867 sed
2035 3822 2219 3882 aperte

639 3905 734 3959 tibi
761 3904 1020 3959 dicentem
1042 3945 1058 3971 ,
1081 3902 1209 3958 Odis
1238 3913 1310 3957 te.
1341 3902 1552 3970 Quanto
1571 3902 1737 3973 magis
1765 3902 1899 3957 dicis
1923 3904 2042 3973 quia
2070 3919 2218 3960 amas

637 4010 710 4062 te,
743 3997 860 4050 odis
883 4005 934 4051 te
964 4014 977 4049 :
1013 3996 1113 4060 Qui
1138 3995 1278 4049 enim
1310 3994 1475 4065 diligit
1503 3994 1837 4063 iniquitatem,
1866 3995 1970 4048 odit
1995 3995 2218 4050 animant

635 4105 800 4144 suam.
828 4087 964 4155 Quid
983 4087 1152 4141 dicam
1178 4085 1244 4140 de
1275 4101 1459 4152 carne,
1487 4101 1604 4155 qua:
1623 4101 1744 4155 pars
1771 4085 1926 4140 vilior
1944 4095 2026 4140 est
2045 4086 2218 4141 homi-

638 4180 722 4234 nis
748 4179 772 4232 ?
801 4179 854 4233 Si
883 4180 1114 4232 animam
1137 4176 1269 4239 odit,
1293 4191 1507 4232 carnem
1531 4177 1801 4247 quomodo
1827 4178 2040 4249 diligit?
2065 4179 2220 4234 Deni-

633 4287 738 4339 que
759 4272 846 4340 qui
870 4277 1051 4324 amzmt
1076 4268 1432 4339 iniquitatem,
1453 4276 1506 4322 et
1534 4268 1764 4324 oderunt
1788 4270 2018 4324 animam
2038 4285 2211 4333 suam,

630 4379 846 4419 onmem
892 4363 1269 4434 turpitudinem
1317 4373 1572 4418 exercent
1618 4363 1686 4419 de
1729 4379 1891 4419 carne
1932 4379 2048 4420 sua.
2094 4364 2212 4420 Jam

632 4471 786 4527 ergo,
822 4457 910 4525 qui
939 4455 1115 4526 diligis
1165 4454 1525 4525 iniquitatem,
1571 4455 1839 4524 quomodo
1881 4457 1971 4511 tibi
2002 4457 2215 4512 volebas

629 4547 888 4602 committi
939 4546 1282 4616 proximum,
1314 4554 1371 4599 ut
1399 4545 1646 4615 diligeres
1673 4562 1792 4600 eum
1825 4555 2074 4616 tanquam
2116 4549 2215 4603 te?

633 4636 838 4701 llomo,
863 4635 986 4706 quid
1030 4635 1207 4704 perdis
1247 4635 1342 4688 te?
1378 4635 1431 4689 Si
1463 4635 1605 4688 enim
1639 4643 1690 4687 tu
1719 4637 1831 4704 ipse
1859 4636 1933 4690 sic
1963 4645 2012 4690 te
2037 4638 2213 4708 diligis

630 4739 688 4782 ut
715 4729 906 4796 perdas
935 4739 1022 4794 te;
1047 4729 1124 4782 sic
1155 4727 1394 4797 profecto
1421 4728 1730 4798 perditurus
1751 4745 1809 4783 es
1839 4738 1890 4783 et
1908 4745 2027 4783 eum
2053 4747 2212 4800 quem

630 4818 811 4888 diligis
831 4820 969 4873 sicut
997 4828 1066 4874 te.
1097 4819 1231 4873 Nolo
1258 4834 1385 4888 ergo
1411 4834 1730 4889 quemquam
1757 4820 1942 4888 diligas
1965 4839 1978 4874 :
2002 4822 2085 4876 vel
2122 4838 2211 4875 so-

628 4907 1188 4981 liis,peri.Autcorrige
1218 4911 1553 4965 dilectionem
1585 4951 1598 4975 ,
1637 4919 1726 4964 aut
1763 4926 1954 4981 respue
1988 4914 2213 4968 societa-

631 5010 758 5055 tem.

697 5089 924 5146 CAPUT
961 5089 1026 5143 V.
1049 5121 1118 5131 —
1139 5092 1188 5148 5.
1219 5091 1343 5156 Quis
1387 5093 1662 5163 perniciose
1702 5095 1877 5163 diligat
1899 5099 2208 5166 proximum.

625 5181 892 5236 Belluinus
920 5182 1089 5236 homo.
1131 5184 1374 5239 Dicturus
1418 5185 1546 5239 mihi
1578 5201 1675 5240 es:
1707 5187 1875 5257 Diligo
1913 5189 2209 5256 proximum

627 5284 875 5344 tanquam
903 5289 989 5328 me
1011 5275 1202 5344 ipsum.
1236 5275 1407 5330 Audio
1443 5277 1618 5347 plane,
1646 5277 1822 5332 audio.
1851 5278 2104 5334 lnebriari
2134 5281 2213 5335 vis

622 5383 744 5422 cum
773 5367 882 5430 illo,
904 5381 1060 5437 quem
1095 5366 1268 5438 diligis
1299 5377 1546 5438 tanquam
1581 5377 1632 5422 te
1657 5369 1849 5438 ipsum.
1878 5369 2019 5425 Bene
2059 5371 2212 5425 nobis

622 5457 878 5512 faciamus
921 5458 1111 5522 hodie,
1158 5470 1410 5529 quantum
1457 5474 1734 5529 possumus
1772 5460 2035 5517 bibamus.
2080 5463 2212 5518 Vide

619 5551 742 5621 quia
777 5551 854 5604 sic
883 5559 933 5604 te
957 5549 1164 5620 diligis,
1193 5560 1241 5605 et
1276 5551 1420 5605 illum
1459 5551 1524 5605 ad
1569 5559 1622 5607 te
1655 5551 1823 5606 trahis
1843 5593 1858 5618 ,
1888 5562 1951 5607 et.
1969 5554 2034 5606 ad
2065 5555 2208 5624 quod

625 5657 776 5698 amas
801 5657 981 5696 vocas.
1004 5641 1234 5697 Necesse
1261 5651 1341 5696 est
1370 5653 1426 5696 ut
1460 5657 1616 5712 quem
1651 5641 1828 5713 diligis
1867 5651 2116 5714 tanquam
2153 5654 2207 5700 te

625 5752 802 5806 psum,
832 5733 957 5789 illuc
990 5733 1139 5790 illum
1169 5733 1349 5791 trahas
1373 5733 1439 5792 ad
1467 5734 1609 5806 quod
1639 5744 1692 5792 et
1722 5744 1775 5792 tu
1814 5744 1866 5792 te
1900 5751 2065 5792 amas.
2096 5737 2206 5793 Ilii—

1866 304 1922 360 S.
1967 297 2328 358 AUGUSTINI
2374 301 2671 360 EPISCOPI
3749 330 3823 389 m

2341 431 2529 472 mamis
2561 421 2740 480 homo.
2764 422 2870 478 imo
2899 422 3427 494 bellui‘nus,amando
3449 434 3560 490 talia
3580 439 3720 506 qualia
3744 445 3823 500 bel-

2339 507 2459 562 luie.
2493 510 2703 567 Belluas
2739 515 2880 570 enim
2914 518 3053 572 Deus
3092 529 3378 588 prostratas
3417 524 3468 578 in
3509 525 3672 583 faciem
3712 531 3823 600 fecit,

2337 609 2544 667 pastum
2581 616 2880 670 tumrenles
2906 607 2971 662 de
2999 619 3136 664 terra
3167 629 3180 664 :
3215 622 3265 666 te
3296 615 3344 666 in
3376 613 3504 670 duos
3544 619 3688 687 pedes
3709 629 3824 680 cretii

2335 689 2403 743 de
2431 699 2589 745 terra.
2625 694 2789 750 Tuam
2819 698 3004 753 faciem
3037 717 3248 756 sursum
3279 706 3549 762 attemlere
3576 709 3730 767 voluit.
3753 715 3819 770 Non

2334 779 2602 839 discordet
2639 801 2734 841 cor
2765 798 2910 844 tuum
2949 805 2979 845 a
3023 793 3154 847 facie
3196 803 3302 848 tua.
3334 796 3446 851 Non
3484 800 3662 855 habeas
3700 807 3823 860 faciem

2333 885 2567 942 sursum,
2601 886 2654 930 et
2679 893 2774 933 cor
2802 880 3052 938 deorsum
3085 902 3098 937 :
3131 885 3235 940 imo
3269 903 3460 942 verum
3487 891 3600 944 audi
3629 905 3675 947 et
3697 909 3824 951 verum

2335 961 2436 1027 fac,
2467 963 2687 1020 Sursum
2716 984 2848 1034 cor;
2889 986 2956 1026 ne
2995 975 3270 1029 mentiaris
3309 979 3362 1031 in
3403 978 3559 1032 domo
3593 982 3829 1052 disciplina.

2332 1054 2556 1122 Quando
2589 1060 2730 1114 enim
2760 1063 2944 1127 audis,
2985 1067 3290 1136 responde:
3323 1069 3420 1124 sed
3451 1072 3518 1124 sit
3552 1089 3709 1130 verum
3735 1081 3829 1148 quod

2332 1149 2642 1217 respondes.
2661 1150 2746 1207 Sic
2775 1162 2835 1208 te
2855 1155 3036 1226 dilige,
3061 1168 3113 1211 et
3135 1158 3324 1228 diliges
3346 1162 3633 1230 proximum
3651 1175 3828 1235 tanquam

2332 1246 2383 1292 te
2413 1240 2599 1309 ipsum
2624 1243 2758 1311 Quid
2789 1256 2869 1300 est
2891 1249 3032 1302 enim
3056 1265 3266 1305 sursum
3287 1252 3488 1308 habere
3513 1269 3621 1320 cor,
3639 1257 3719 1310 nisi
3739 1261 3847 1328 quod

2329 1332 2528 1388 dictum
2559 1345 2641 1390 est
2671 1337 2833 1406 prius,
2867 1338 3056 1411 Diliges
3082 1342 3350 1398 Dominum
3395 1344 3551 1400 Deum
3572 1357 3831 1405 tuuiiiexiato

2329 1422 2481 1476 corde
2509 1434 2615 1492 tuo,
2652 1435 2700 1480 et
2727 1443 2790 1481 ea:
2818 1439 2922 1482 tota
2954 1432 3122 1486 anima
3149 1443 3257 1501 tua,
3291 1444 3337 1489 et
3372 1451 3437 1489 ex
3466 1445 3565 1491 tota
3592 1449 3728 1492 incute
3751 1443 3832 1493 tua?

2329 1512 2462 1578 Quia
2506 1528 2634 1584 ergo
2672 1515 2780 1571 duo
2819 1532 3084 1591 praieepta
3117 1532 3260 1590 sunt,
3291 1525 3336 1578 si
3360 1541 3522 1580 unum
3547 1526 3828 1593 diceret‘,mn

2330 1603 2640 1661 sufﬁceret?
2665 1607 2873 1664 Sufﬁcit
2897 1621 2952 1666 ct
2979 1629 3139 1667 unum
3164 1656 3177 1678 ,
3201 1617 3244 1669 si
3277 1617 3616 1686 intelligatur.
3642 1619 3750 1674 Nam
3770 1622 3828 1675 ali-

2330 1697 2541 1766 quando
2566 1700 2644 1754 sic
2671 1700 2902 1771 loquitur
2921 1702 3214 1774 Scriptura,
3232 1708 3376 1764 sicut
3402 1709 3593 1766 Paulus
3609 1717 3826 1782 apostolus:

2333 1786 2454 1842 Non
2479 1791 2813 1861 adulterabis,
2844 1812 2943 1850 non
2964 1796 3288 1852 homicidium
3339 1802 3517 1872 facies,
3546 1819 3639 1857 non
3669 1809 3831 1876 concupi-

2329 1893 2438 1933 sces
2456 1896 2476 1935 :
2499 1891 2545 1934 et
2573 1883 2618 1936 si
2636 1885 2772 1952 quod
2792 1895 2865 1940 est
2896 1887 3042 1941 aliud
3070 1891 3392 1955 mandatum,
3409 1893 3460 1946 in
3474 1893 3762 1952 hoc-srmone
3783 1916 3830 1951 ri-

2331 1973 2660 2040 capitulatur,
2695 1973 2889 2047 Diliges
2919 1978 3204 2045 proximum
3236 1991 3631 2055 tuumtanquam
3650 1987 3827 2055 teipsau.

2332 2060 2546 2117 Dilectio
2572 2067 2787 2133 proximi
2814 2070 3005 2122 malum
3029 2087 3138 2124 non'
3155 2082 3420 2139 operatur.
3455 2072 3709 2130 Plenitudo
3723 2088 3829 2131 autem

2335 2152 2482 2225 Legi:
2523 2167 2595 2210 est
2631 2157 2852 2212 charitas
2878 2158 3051 2224 (Rom.
3087 2177 3179 2216 xm
3201 2203 3215 2226 ,
3246 2162 3301 2230 9,
3330 2164 3442 2236 to).
3471 2165 3830 2233 Quid‘cstcliari-

2334 2247 2448 2300 las?
2475 2247 2715 2303 Dilectio;
2739 2249 2878 2304 Nihil
2925 2251 3133 2306 videtur
3165 2252 3377 2309 dixisse
3404 2256 3471 2310 de
3497 2257 3743 2312 dilectione
3761 2247 3847 2323 [th

2331 2335 2424 2390 sed
2465 2337 2641 2392 solam-
2669 2341 2893 2408 proviini
2920 2341 3258 2398 dilectionem
3291 2345 3429 2400 dixit
3455 2347 3681 2404 sufﬁcere
3701 2351 3749 2402 ad
3769 2350 3825 2402 im-

2335 2429 2575 2498 plendam
2599 2431 2787 2501 legem.
2817 2433 3082 2504 Quidquid
3107 2446 3188 2492 est
3209 2438 3355 2493 aliud
3384 2439 3692 2507 mandatum,
3719 2441 3822 2496 inita

2331 2534 2578 2576 sermone
2605 2524 3002 2592 recapitulatur,
3032 2528 3081 2580 in
3116 2528 3216 2583 hoc
3257 2544 3515 2588 sermone
3556 2532 3822 2602 impletur.ln

2331 2612 2475 2680 quo?
2504 2611 2697 2684 Diliges
2712 2616 2996 2683 proximum
3023 2627 3164 2672 tuum
3192 2629 3440 2690 tanquam
3481 2631 3529 2676 te
3561 2623 3720 2692 ipsum.
3747 2623 3824 2677 Eois

2332 2718 2490 2757 unum
2535 2713 2646 2760 est.
2669 2706 2823 2761 Certe
2851 2706 2956 2763 duo
2984 2717 3247 2780 prteccpta
3289 2722 3456 2780 sunt,
3499 2714 3549 2768 in
3575 2715 3733 2785 quibus
3760 2722 3822 2766 tua

2331 2792 2439 2848 Lex
2466 2795 2660 2860 pendet
2685 2805 2738 2850 et
2757 2795 3054 2866 Propheta}.

2398 2885 2624 2943 CAPUT
2653 2887 2736 2942 Vl.
2755 2918 2826 2929 —
2842 2888 3206 2959 Deus'liomini,
3230 2903 3283 2947 ut
3307 2895 3482 2950 beatas
3506 2897 3584 2956 sit.
3605 2895 3820 2966 diligenda.

2329 2976 2553 3034 Pecunia
2577 2997 2676 3034 non
2705 2982 2778 3036 sic
2794 2982 3032 3050 amanda,
3059 2992 3113 3038 ut
3133 3002 3230 3039 non
3246 2986 3320 3042 sis
3342 2998 3549 3056 paratus
3568 2987 3746 3042 dividere
3757 3002 3822 3039 tua

2329 3071 2578 3140 proximo.
2609 3070 2793 3127 Videte
2828 3076 3098 3144 quomodo
3121 3076 3242 3147 plus
3266 3077 3563 3134 breviatum
3599 3090 3692 3144 est,
3711 3077 3822 3133 etad-

2329 3164 2431 3220 hue
2460 3164 2592 3236 pigrl
2619 3181 2821 3221 sumus.
2851 3167 2987 3223 Ecce
3025 3185 3142 3239 qua!
3167 3169 3490 3237 duoerant,
3523 3187 3668 3225 unum
3695 3171 3822 3224 larium

2326 3266 2429 3310 est.
2452 3257 2679 3313 Prorsus
2706 3259 3001 3327 proximum
3027 3260 3188 3332 dilige
3209 3303 3224 3329 ,
3263 3270 3323 3317 et
3363 3263 3574 3319 suﬁicit.
3610 3262 3823 3328 Sed‘dilige

2325 3347 2602 3419 quomodo
2635 3355 2689 3405 te
2729 3351 2898 3419 ipsum
2947 3351 3142 3422 diligis,
3191 3369 3302 3409 non
3347 3355 3610 3426 quomodo
3647 3364 3690 3409 te
3712 3356 3820 3423 ipsum

2326 3440 2501 3496 odisti.
2535 3441 2699 3512 Dilige
2721 3442 3016 3510 III’OXiIHULll
3047 3453 3196 3499 tuum
3225 3455 3477 3518 tanquam
3505 3457 3554 3502 te
3579 3441 3818 3516 ipsumzsel

2327 3530 2474 3600 prius
2498 3539 2579 3586 est
2606 3541 2662 3587 ut
2688 3533 2877 3604 diligas
2899 3543 2949 3589 te
2970 3535 3164 3604 ipsum.

2400 3621 2451 3675 6.
2489 3620 2740 3688 Quaerere
2778 3622 2945 3678 babes
2983 3625 3252 3695 quomodo
3291 3627 3486 3699 diligas
3526 3637 3572 3684 te
3615 3628 3826 3698 ipsumet

2324 3712 2508 3768 audire
2553 3713 2739 3781 habes,
2766 3714 2958 3786 Diliges
3003 3715 3279 3772 Dominum
3323 3719 3485 3774 Deum
3527 3731 3651 3774 tuum
3681 3734 3728 3771 ea:
3757 3726 3820 3767 tota

2325 3804 2475 3858 corde
2503 3814 2610 3869 tuo,
2652 3814 2696 3859 et
2731 3821 2794 3860 ex
2831 3817 2935 3860 tota
2961 3809 3133 3862 animo
3157 3819 3263 3874 tua,
3294 3820 3345 3865 et
3370 3828 3432 3866 ea:
3455 3821 3554 3866 tota
3589 3818 3718 3863 menti
3749 3819 3815 3857 tim.

2325 3896 2496 3952 llomo
2515 3898 2657 3952 enim
2684 3899 2950 3968 quomodo
2987 3916 3017 3955 a
3062 3918 3121 3957 se
3163 3902 3277 3958 ﬁeri
3323 3919 3431 3959 non
3473 3904 3654 3974 potuit,
3679 3902 3737 3953 sic
3758 3910 3816 3948 nec

2325 3986 2510 4043 beatus
2535 3989 2649 4044 lieri
2669 4004 2699 4044 a
2736 4003 2794 4044 se
2824 4000 3015 4059 potest.
3049 3992 3164 4047 Alia
3195 4008 3278 4048 res
3311 4010 3434 4049 eum
3464 3994 3580 4049 non
3605 3991 3812 4048 hominem,

2323 4079 2464 4150 quod
2484 4096 2586 4135 non
2609 4090 2691 4136 est
2717 4082 2830 4151 ipse
2848 4083 3008 4138 homo
3037 4085 3171 4139 :alia
3199 4101 3284 4140 res
3313 4101 3436 4142 eum
3466 4088 3642 4142 factura
3665 4083 3813 4138 cstlrer

2324 4180 2457 4238 tum,
2485 4172 2626 4243 quod
2659 4189 2762 4228 non
2790 4185 2870 4229 est
2912 4174 3024 4245 ipse
3060 4174 3240 4231 homo.
3275 4176 3514 4248 Denique
3539 4189 3697 4232 emus
3720 4170 3810 4225 vidit

2322 4263 2457 4334 ipse,
2480 4266 2600 4334 quia
2632 4281 2726 4334 per
2741 4281 2802 4322 se
2824 4282 2927 4323 non
2949 4277 3121 4336 potest
3145 4268 3331 4326 beatus
3357 4285 3495 4336 esse,
3516 4281 3565 4325 et
3590 4277 3703 4322 amat
3717 4259 3807 4316 aliud

2323 4356 2463 4412 unde
2483 4357 2551 4411 sit
2576 4357 2778 4413 beatus.
2801 4358 2952 4416 Unde
2978 4361 3168 4416 se'lieri
3187 4370 3338 4431 putat
3354 4362 3575 4427 beatum,
3599 4361 3682 4413 hoc
3701 4361 3804 4407 anui.

2321 4447 2480 4514 Quid,
2513 4457 2780 4518 putamus,
2824 4463 2985 4518 amat,
3019 4453 3158 4507 unde
3203 4462 3353 4522 putat
3396 4469 3453 4509 se
3494 4451 3597 4508 ﬁeri
3637 4441 3803 4504 bellum?

2321 4539 2628 4603 Pecuniam,
2661 4558 2871 4608 aurum,
2899 4553 3198 4613 argentum,
3231 4547 3585 4617 possessiones
3612 4560 3623 4594 :
3649 4537 3801 4595 lirctitvr

2320 4631 2457 4698 dico,
2491 4635 2788 4704 pecuniam.
2805 4636 2996 4692 Totum
3023 4639 3165 4693 enim
3193 4640 3444 4710 quidquid
3468 4638 3677 4693 homines
3697 4627 3800 4702 possi-

2318 4724 2447 4780 dent
2491 4727 2543 4780 in
2585 4735 2745 4793 terra,
2776 4729 2954 4783 omnia
2998 4746 3225 4800 quorum
3261 4732 3458 4787 domini
3486 4738 3616 4794 sunt,
3649 4719 3796 4796 pecu"ia

2319 4829 2556 4875 vocatur.
2587 4821 2782 4877 Servus
2806 4821 2892 4887 sit,
2916 4838 3031 4890 vas,
3049 4839 3194 4895 ager,
3219 4825 3396 4891 arbor,
3419 4837 3596 4895 pecus;
3620 4809 3796 4888 (ιυῖδίίυίίί

2318 4908 2508 4964 horum
2535 4920 2639 4974 est,
2673 4913 2892 4980 pecunia
2921 4911 3134 4969 dicitur.
3158 4913 3227 4969 Et
3253 4913 3390 4970 unde
3412 4923 3489 4970 est
3519 4912 3708 4982 primum
3737 4914 3796 4953 γοα

2316 5010 2432 5056 eata
2456 5003 2702 5072 pecunia.
2734 5002 2857 5057 Ideo
2885 5004 3128 5073 pecunia,
3154 5005 3275 5075 quia
3312 5004 3501 5074 antiqui
3532 5010 3671 5056 totum
3698 4987 3791 5062 quill

2319 5095 2437 5148 haln
2463 5094 2610 5158 bant,
2641 5099 2690 5150 in
2724 5095 3002 5165 pecoribus
3044 5096 3327 5152 habebant.
3363 5102 3407 5152 Α
3443 5108 3613 5167 pecore
3635 5081 3789 5160 pecunia

2315 5195 2552 5241 vocatur.
2581 5187 2829 5256 Legimus
2864 5188 3112 5257 antiquos
3152 5198 3328 5259 patres
3369 5187 3522 5242 fuisse
3551 5183 3702 5239 divites
3726 5187 3790 5242 ΡΨ

2315 5285 2507 5331 stores.
2535 5276 2676 5347 Ergo
2710 5277 2988 5348 pecuniam
3029 5277 3226 5352 diligis,
3253 5294 3287 5333 ο
3322 5278 3474 5334 homo
3501 5293 3515 5335 :
3539 5269 3654 5328 unde
3680 5271 3787 5336 pum

2316 5377 2368 5423 te
2400 5369 2510 5424 ﬁeri
2539 5369 2774 5435 beatum,
2811 5371 3031 5439 pecunia
3055 5380 3156 5436 est,
3186 5379 3242 5426 et
3267 5370 3479 5426 multum
3516 5379 3616 5422 eam
3645 5352 3782 5422 diliiis-

2317 5458 2544 5514 Volebas
2567 5459 2788 5529 diligere
2809 5460 3107 5530 proximum
3131 5470 3376 5531 tanquam
3398 5469 3446 5516 te
3463 5458 3635 5526 ipsum.
3657 5439 3780 5544 δίτξδε
3846 5489 3847 5544 1

2313 5565 2434 5606 cum
2457 5550 2548 5606 illo
2570 5551 2844 5620 pecuniam
2867 5560 3030 5606 tuam.
3059 5552 3195 5620 Quid
3221 5567 3363 5608 esses
3385 5544 3673 5605 diSCItlieb-‘Im
3693 5551 3705 5632 ξ
3725 5546 3778 5632 tl"

2314 5654 2501 5699 Ventus
2536 5659 2629 5709 es;
2658 5645 2944 5715 apparuisti
2972 5645 3086 5711 tibi,
3115 5645 3288 5700 vidisti
3319 5655 3398 5711 te,
3424 5627 3702 5696 considerasti
3724 5630 3771 5676 ιιι

2316 5740 2427 5794 Non
2457 5765 2464 5788 ι
2486 5756 2511 5795 ε
2532 5750 2743 5812 paratus
2764 5737 2998 5796 (lividere
3025 5755 3144 5795 cum
3163 5738 3395 5811 proximo
3413 5730 3641 5807 pecuniam
3654 5730 3767 5778 ιωωο
