3860 6394
88 470 174 527 Sed
197 467 309 539 quid
334 466 459 520 mihi
493 463 775 536 respondet
804 464 1022 534 benigna
1043 465 1297 519 avaritia?
1324 465 1460 531 Quid
1494 463 1622 517 tnihi

88 562 368 633 respondet?
395 559 450 615 Si
476 559 710 613 diviscru
739 573 857 611 cum
900 558 1009 622 illo,
1042 560 1216 611 minus
1258 560 1360 612 erit
1395 568 1449 612 et
1490 557 1617 610 mihi

84 654 241 709 etilli:
267 649 529 703 minuetur
565 647 704 718 quod
732 664 871 711 amo,
906 663 1004 702 nec
1043 656 1207 701 totum
1253 647 1466 700 habebit
1494 648 1616 712 ille,

83 762 159 800 nec
183 751 333 798 totum
355 740 563 795 habebo
587 753 703 808 ego.
725 738 827 792 Sed
858 737 979 807 quia
1016 737 1179 805 diligo
1213 753 1333 791 etne
1368 748 1613 806 tanquam

81 854 147 891 me
168 837 342 904 ipsum.
379 841 504 900 opto
535 832 612 884 illi
644 839 698 883 ut
732 839 935 883 tantum
967 828 1191 892 habeat;
1221 835 1281 881 ut
1314 843 1409 882 nec
1438 843 1614 881 meum

80 934 323 987 minuatur,
348 932 399 978 et
427 924 541 990 ipse
568 920 695 975 mihi
721 929 1043 989 co:equctur.
1574 972 1577 975 _

131 1012 328 1071 CAPUT
364 1011 565 1065 νη...
589 1011 641 1064 7.
673 1009 957 1063 Invidentia
993 1009 1167 1062 vitium
1200 1007 1502 1060 diabolicum
1532 1023 1612 1059 vr-

80 1109 190 1160 tn'ens
208 1103 517 1173 “superbia.
537 1100 676 1154 Bene
692 1110 919 1170 optantes
937 1100 1116 1170 egenti,
1139 1115 1228 1152 nec
1248 1108 1411 1169 tamen
1424 1100 1616 1168 aliquid

82 1199 238 1249 dzmtes.
253 1193 405 1262 Optas
420 1191 564 1247 unde
583 1191 715 1245 nihil
744 1190 932 1259 perdas
958 1208 970 1243 :
996 1199 1153 1260 atque
1181 1191 1377 1244 utinam
1398 1190 1495 1244 hoc
1517 1204 1611 1244 νεεδ

81 1302 173 1342 rum
194 1286 335 1349 dicas,
366 1283 449 1337 vel
476 1292 655 1350 optes.
686 1282 870 1335 Timeo
905 1281 1045 1336 enim
1075 1297 1142 1336 ne
1172 1282 1428 1336 invideas.
1461 1280 1614 1347 Quo-

86 1378 212 1434 modo
242 1376 362 1429 enim
390 1373 611 1427 socialis
648 1372 749 1427 erit
790 1372 1013 1427 felicitas
1048 1381 1135 1427 tua
1159 1414 1172 1436 ,
1201 1387 1359 1442 quam
1402 1380 1611 1441 torquet

91 1470 268 1524 lelicitas
287 1468 437 1521 aliena
454 1465 480 1517 ?
506 1464 701 1521 Nonne
724 1480 844 1519 cum
873 1465 1098 1534 coeperit
1119 1464 1382 1521 ditescere
1408 1466 1609 1519 vicinus

98 1570 205 1625 tuus,
229 1568 270 1612 et
294 1559 512 1627 incipere
542 1558 698 1628 quasi
743 1560 981 1627 surgere,
1013 1566 1066 1612 et
1089 1558 1165 1612 ire
1195 1566 1316 1626 post
1357 1566 1426 1620 te,
1454 1558 1610 1613 times

93 1664 144 1701 ne
174 1657 381 1713 sequatur
419 1656 505 1714 te,
541 1648 707 1703 times
756 1663 823 1702 ne
864 1655 1098 1701 transeat
1124 1646 1214 1701 te?
1241 1647 1396 1702 Certe
1437 1647 1610 1717 diligis

83 1741 320 1805 proximum
352 1748 610 1808 tanquam
641 1748 693 1792 te
723 1738 917 1807 ipsum.
941 1737 1045 1793 Sed
1079 1751 1181 1792 non
1210 1738 1399 1807 loquor
1425 1737 1492 1791 de
1532 1738 1612 1791 in-

77 1828 224 1880 vidis’.
249 1828 453 1883 Avertat
500 1828 656 1883 enim
701 1828 841 1882 Deus
882 1827 1021 1881 hanc
1064 1836 1266 1897 pestem
1311 1829 1377 1883 ab
1417 1828 1610 1883 animis

79 1920 263 1973 omnium
305 1919 620 1984 hominum,
671 1920 863 1973 nedum
919 1916 1369 1983 Christianorum;
1422 1920 1606 1974 vitium

76 2011 355 2077 diabolicum,
381 2026 488 2080 qnu
511 2010 667 2064 solus
686 2009 928 2064 diabolus
959 2024 1083 2063 reus
1108 2018 1210 2074 est,
1242 2019 1293 2064 et
1317 2009 1607 2078 inexpiabi-

76 2102 163 2156 liter
198 2117 321 2156 reus.
366 2101 482 2157 Non
530 2101 683 2156 enim
729 2100 921 2155 dicitur
959 2099 1170 2155 diabolo
1210 2112 1268 2154 ut
1302 2100 1601 2166 damnetur,

76 2193 341 2248 Adulterium
362 2192 711 2257 commisisti,
738 2192 929 2245 furtum
954 2190 1144 2253 fecisti,
1171 2190 1346 2244 villam
1376 2191 1603 2246 alienam

76 2282 270 2351 rapuisti:
290 2281 404 2349 sed,
430 2282 653 2337 Homini
682 2283 837 2335 stanti
867 2282 1047 2349 lapsus
1077 2280 1328 2334 invidisti.
1362 2280 1606 2334 Inviden-

79 2374 129 2425 tia
160 2374 445 2429 diabolicnm
478 2372 673 2428 vitium
700 2382 777 2425 est
807 2390 820 2425 :
850 2372 941 2425 sed
974 2371 1133 2425 habet
1173 2380 1396 2425 matrem
1427 2386 1600 2425 suam.

75 2463 271 2536 Superbia
295 2477 517 2521 vocatur
544 2476 720 2520 mater
745 2464 1067 2519 invidentiae.
1096 2462 1358 2533 Superbia
1391 2463 1598 2518 invidos

78 2556 172 2611 bcit.
199 2557 392 2612 Sulfoca
418 2568 653 2611 matrem
676 2597 692 2621 ,
718 2565 773 2610 et
802 2571 905 2609 non
943 2556 1048 2610 erit
1075 2554 1201 2609 tilia.
1232 2554 1358 2609 Ideo
1384 2554 1601 2608 humili-

82 2657 187 2702 tatem
210 2648 377 2703 docuit
398 2648 672 2703 Christus.
700 2646 816 2702 Non
847 2662 974 2716 ergo
1004 2647 1193 2716 loquor
1222 2645 1436 2711 invidis,
1463 2645 1600 2700 bene

79 2742 313 2807 optantibus
334 2743 547 2812 loquor.
585 2740 689 2794 Illis
714 2740 899 2809 loquor
919 2739 1005 2808 qui
1033 2747 1216 2807 optant
1238 2738 1372 2793 bene
1390 2737 1595 2802 amicis,

78 2842 111 2883 ut
141 2832 337 2887 habeant
373 2842 589 2887 tantum
620 2840 873 2901 quantum
918 2830 1117 2885 habent
1161 2840 1213 2884 et
1253 2830 1371 2900 ipsi.
1406 2832 1602 2900 Optaut

76 2920 170 2975 lene
190 2925 467 2993 egentibus,
493 2934 556 2978 ut
581 2923 808 2977 habeant
833 2931 1087 2992 quantum
1118 2931 1176 2974 et
1205 2922 1302 2990 ipsi
1330 2937 1345 2973 :
1381 2921 1472 2976 sed
1498 2918 1611 2975 no-'

74 3009 153 3065 lunt
187 3014 276 3067 illis
313 3014 439 3069 dare
477 3030 550 3069 ex
591 3028 657 3069 eo
698 3012 838 3083 quod
880 3011 1094 3067 habent.
1140 3011 1266 3065 Inde
1316 3021 1367 3065 te
1405 3012 1596 3079 jactus,

76 3104 191 3159 homo
212 3108 509 3173 Christiane,
532 3107 660 3177 quia
678 3116 829 3175 optas
856 3106 989 3160 bene
1010 3104 1033 3145 ν
1060 3104 1246 3159 Melior
1270 3112 1323 3157 te
1352 3112 1433 3157 est
1459 3118 1600 3156 men-

68 3194 195 3259 dirus,
235 3198 313 3268 qui
346 3200 497 3269 plura
553 3198 648 3251 tibi
686 3206 855 3267 optat,
881 3206 935 3252 et
977 3195 1105 3250 nihil
1142 3195 1321 3250 habet.
1347 3194 1491 3249 Bene
1521 3195 1600 3249 vis

70 3298 207 3355 optare
231 3292 347 3345 nihil
376 3308 405 3344 a
438 3302 490 3346 te
515 3290 802 3360 accipienti
834 3307 847 3344 :
875 3289 940 3342 da
968 3287 1167 3359 aliquid
1208 3288 1344 3342 bene
1368 3287 1595 3357 optanti.

68 3380 107 3434 Si
134 3385 295 3439 bonum
334 3396 414 3441 est
457 3387 606 3441 bene
634 3394 847 3453 optare,
880 3382 1044 3438 redde
1074 3380 1399 3437 mercedem.
1434 3379 1595 3450 Optat

74 3476 137 3529 tibi
174 3478 291 3533 bene
324 3495 563 3550 pauper,
608 3477 733 3548 quid
774 3475 1045 3547 trepidas?
1078 3474 1226 3530 Addo
1263 3473 1461 3544 aliquid
1491 3490 1504 3526 :
1541 3472 1597 3527 In

72 3568 189 3621 domo
211 3571 488 3640 disciplina:
522 3586 605 3625 es.
640 3569 789 3623 Addo
813 3568 1010 3638 aliquid
1058 3566 1141 3620 his
1173 3582 1295 3636 qua:
1317 3565 1489 3630 dixi’,
1524 3564 1597 3617 Da

76 3659 172 3715 bene
194 3666 409 3734 optanti;
431 3663 685 3719 Christus
710 3670 809 3717 est.
839 3662 956 3731 Ipse
982 3676 1010 3713 a
1035 3670 1085 3715 te
1105 3659 1233 3729 petit
1261 3658 1349 3729 qtti
1379 3658 1469 3713 tibi
1497 3656 1597 3711 de-

76 3748 144 3801 dit.
167 3752 427 3811 Erubesce.
461 3755 566 3809 llle
590 3754 744 3808 dives
771 3768 973 3822 pauper
991 3767 1110 3806 esse
1139 3750 1325 3813 Voluit,
1352 3759 1408 3804 ut
1432 3749 1598 3805 habe-

78 3852 137 3894 ιτς
169 3859 396 3914 pauperes
422 3846 625 3916 quibus
651 3844 824 3898 dares.
861 3843 932 3897 Da
964 3841 1167 3911 aliquid
1199 3840 1346 3895 fratri
1376 3850 1497 3907 tuo,
1529 3840 1595 3895 da

77 3930 229 4001 aliquid
259 3940 492 4005 proximo
523 3950 636 4001 tuo,
667 3935 729 3989 da
759 3930 957 4005 aliquid
985 3933 1164 3990 comiti
1194 3943 1303 3988 tuo.
1329 3933 1408 3988 Tu
1448 3932 1597 3989 dives

78 4035 141 4087 es,
164 4026 234 4080 ille
259 4045 447 4100 pauper
471 4038 577 4083 est.
608 4028 723 4082 Vita
754 4030 848 4081 ista
873 4028 951 4080 via
980 4038 1083 4092 est,
1109 4027 1265 4080 simul
1291 4026 1599 4084 atnbulatis.

124 4118 211 4172 CA1
230 4119 309 4175 UT
331 4122 597 4177 V'lll.——8.
621 4122 836 4175 Sarrina
857 4120 1143 4174 divitiarum
1172 4119 1460 4183 minuenda,
1495 4118 1597 4171 lar-

79 4205 209 4271 giendo
239 4214 456 4283 pauperi.
495 4211 768 4265 Excusatio
812 4210 1029 4264 crudelis
1081 4225 1350 4262 avarorum
1400 4209 1597 4276 pietatis

79 4300 226 4354 nomine
243 4304 408 4357 velata.
442 4303 554 4360 Sed
578 4302 712 4357 forte
732 4303 864 4357 dicis
896 4324 908 4355 :
944 4301 1052 4369 Ego
1079 4300 1247 4363 dives,
1281 4298 1369 4351 illc
1394 4313 1596 4366 pauper

77 4398 149 4441 est.
185 4391 331 4450 Simul
368 4395 677 4457 atnbulatis,
728 4392 949 4446 annon?
982 4390 1115 4457 Quid
1147 4388 1394 4459 estquod
1437 4389 1590 4454 dieis,

79 4479 156 4549 Ego
178 4486 323 4557 dives,
353 4490 439 4545 ille
474 4504 707 4559 pauper;
740 4487 861 4549 nisi,
885 4487 995 4556 Ego
1023 4492 1294 4549 oneratus,
1329 4481 1418 4537 ille
1435 4481 1592 4537 levis?

79 4570 158 4641 Qa
178 4577 322 4643 dives,
347 4582 432 4635 ille
459 4595 682 4652 pauper.
701 4578 973 4634 Sarcinam
1006 4584 1150 4631 tuam
1178 4587 1591 4640 commemoras,

81 4665 237 4729 pondus
262 4680 396 4727 tuum
427 4671 635 4727 laudas.
667 4670 735 4724 Et
773 4668 913 4740 quod
942 4669 1156 4738 gravius
1186 4674 1299 4731 est,
1323 4663 1593 4719 constrin-

83 4757 169 4811 xisti
192 4762 244 4816 ad
272 4776 317 4819 te
340 4768 604 4822 sarcinam
637 4774 776 4818 tuam
813 4780 825 4815 :
862 4763 980 4816 ideo
1010 4777 1115 4815 non
1147 4768 1298 4829 potes
1325 4759 1595 4828 porrigere

83 4861 263 4910 annum.
284 4857 527 4922 Onerate,
557 4858 735 4927 ligate,
769 4856 890 4926 quid
925 4864 975 4909 te
996 4853 1210 4923 jactas?
1238 4851 1367 4922 quid
1394 4860 1444 4905 te
1484 4850 1596 4903 latt-

90 4937 187 4994 das?
214 4945 353 5004 Solve
396 4950 606 5004 vincula
646 4958 753 5011 tua,
792 4948 972 5001 minue
1006 4946 1072 5000 de
1116 4946 1321 5000 sarcina
1368 4951 1475 4997 tua.
1518 4941 1595 4995 Da

84 5035 238 5098 comiti,
270 5050 319 5093 et
344 5041 485 5095 illum
513 5039 752 5108 adjuvas,
785 5049 838 5092 et
862 5047 912 5091 te
936 5037 1160 5091 relevas.
1203 5035 1343 5089 Inter
1373 5034 1468 5086 has
1499 5047 1591 5086 vo-

83 5132 262 5181 εεειωε
302 5130 569 5187 laudantes
606 5130 865 5185 sarcinam
911 5138 1087 5191 tuam,
1119 5125 1291 5179 adhuc
1336 5124 1584 5179 Christus

86 5213 201 5279 Pelii,
222 5228 269 5272 et
287 5237 381 5277 non
406 5223 598 5292 accipit
623 5240 635 5276 :
666 5230 721 5274 et
744 5219 989 5274 obtendis
1011 5233 1202 5272 nomen
1228 5216 1436 5284 pietatis
1474 5230 1595 5269 cru-

84 5298 243 5361 delibus
260 5315 482 5381 vocibus,
515 5326 571 5369 et
600 5314 763 5374 dicis,
794 5312 861 5367 Et
897 5311 1021 5381 quid
1054 5325 1210 5364 servo
1250 5308 1371 5362 filiis
1418 5307 1595 5362 meis?

86 5392 296 5457 Christum
334 5408 403 5461 illi
437 5424 649 5478 oppono
672 5449 688 5474 ,
713 5406 852 5460 filios
889 5420 1014 5459 suos
1053 5403 1180 5457 mihi
1218 5401 1445 5469 reponit.
1489 5399 1592 5453 Ista

86 5497 183 5541 πετο
211 5507 385 5565 magna
408 5499 629 5566 iustitia.
662 5509 716 5551 ut
750 5496 939 5551 habeat
968 5494 1105 5548 unde
1136 5492 1433 5545 luxurietur
1454 5489 1595 5543 ﬁlius

89 5579 195 5645 “"5.
222 5596 353 5653 egeat
378 5589 629 5644 Dominus
655 5587 812 5643 tuus?
838 5587 962 5642 Cum
990 5588 1124 5639 enim
1166 5584 1253 5637 uni
1280 5599 1342 5636 ea:
1371 5581 1591 5636 minimis

134 5730 291 5821 imm
309 5746 359 5790 Er
373 5744 512 5805 Lugd.
532 5751 669 5792 Ven.:
692 5743 782 5794 Sed
804 5756 898 5793 non
916 5740 1080 5804 loquar
1103 5739 1163 5788 de
1183 5736 1376 5810 imtidis.
1444 5742 1501 5785 ιι.

174 5799 289 5839 Juxta
311 5807 360 5839 h-
397 5805 516 5839 tnmt
559 5813 657 5839 νηιι
683 5818 696 5831 ο
735 5805 859 5839 Mth
879 5803 1013 5839 aliud
1036 5801 1163 5839 num!
1187 5799 1310 5839 diri,
1376 5805 1433 5839 bl-

194 5806 291 5849 tnta
311 5807 375 5853 tr.
397 5799 535 5869 uigd.
559 5813 696 5857 νειμ
726 5805 859 5857 Addo
879 5799 1013 5854 aliud
1035 5801 1163 5863 quod
1187 5799 1311 5851 dixi.
1376 5805 1434 5847 tu.

1056 347 1284 405 SERMO
1324 347 1410 403 DE
1455 346 1826 406 DISLIPLINA
1869 353 2299 412 (lllRlSTlAN.\.

3199 366 3305 422 6η

1732 467 1852 519 meis
1873 470 2080 537 fecistis,
2112 473 2235 525 mihi
2262 474 2465 541 fecistis.
2492 475 2606 530 Non
2633 476 2826 547 legisti,
2852 495 2956 536 non
2984 481 3253 537 advertisti
3276 485 3300 537 ?

1728 556 1853 610 Cum
1883 561 1971 613 uni
1997 578 2058 615 ea:
2084 563 2307 618 minimis
2333 566 2455 620 meis
2478 583 2579 620 non
2608 569 2814 638 fecistis,
2842 587 2931 624 nec
2959 573 3085 625 mihi
3113 575 3299 644 fecistis

1730 648 1938 717 (Matth.
1972 668 2095 717 xxv,
2126 654 2214 717 40,
2238 656 2353 723 45).
2382 655 2497 711 Non
2525 657 2718 729 legisti,
2738 676 2842 714 non
2871 662 3133 717 timuisti?
3162 664 3300 720 Ecce

1723 741 1842 807 quis
1874 752 2007 811 eget,
2037 752 2090 797 et
2120 745 2257 799 filios
2297 755 2413 801 tuos
2458 749 2741 803 numeras?
2770 751 3046 806 Postremo
3081 768 3300 807 numera

1723 830 1860 886 ﬁlios
1907 842 2045 898 tuos,
2086 836 2223 890 adde
2259 853 2421 891 unum
2464 839 2602 894 inter
2626 842 2763 905 illos,
2800 841 3081 897 Dontinntn
3128 852 3298 897 tuum.

1722 921 1893 977 Unum
1925 924 2106 990 habes,
2147 927 2217 980 sit
2262 928 2351 982 ille
2391 930 2655 984 secundus
2680 949 2692 995 ;
2722 931 2858 987 duos
2898 933 3183 997 llﬂbﬁS,‘Sll
3211 935 3299 990 ille

1724 1016 1937 1075 tertius;
1974 1026 2080 1070 tres
2104 1017 2285 1082 habes,
2318 1020 2387 1073 sit
2413 1021 2499 1074 ille
2538 1034 2757 1091 quartus
2781 1042 2793 1076 :
2820 1024 2949 1079 nihil
2978 1025 3167 1080 borum
3198 1028 3298 1081 vis.

1721 1107 1858 1161 Ecce
1890 1110 2155 1177 quomodo
2176 1112 2349 1181 diligis
2380 1116 2678 1182 proximum
2708 1127 2874 1182 tuum,
2906 1134 3062 1189 quem
3090 1119 3184 1177 tibi
3218 1119 3298 1174 fa-

1718 1199 1828 1252 cias
1856 1202 2057 1254 socium
2087 1202 2151 1255 ad
2185 1204 2337 1257 istam
2369 1208 2743 1274 perditionem.

1790 1294 1843 1346 9.
1871 1293 2006 1359 Quid
2033 1296 2122 1349 tibi
2151 1296 2389 1352 dicturus
2415 1313 2551 1361 sum,
2588 1301 2768 1369 Diligis
2791 1302 3089 1371 proximum
3119 1304 3300 1356 tuum?

1717 1383 1851 1452 Quid
1876 1386 1946 1439 illi
1977 1388 2025 1440 in
2043 1402 2201 1442 aures
2223 1390 2598 1458 insusurrabis,
2624 1393 2782 1447 homo
2804 1408 2994 1459 avare;
3021 1396 3140 1459 nisi,
3174 1394 3293 1463 Fili,

1715 1486 1806 1529 aut
1831 1475 2011 1542 frater,
2041 1489 2129 1532 aut
2160 1488 2327 1548 pater,
2357 1480 2549 1535 bonum
2578 1493 2659 1537 est
2687 1485 2839 1538 nobis
2866 1495 2921 1539 ut
2948 1501 3067 1540 cum
3099 1486 3189 1541 hic
3216 1488 3294 1540 vi-

1706 1567 1905 1632 vimus,
1936 1567 2070 1623 bene
2098 1570 2165 1623 sit
2186 1569 2379 1625 nobis?
2402 1572 2664 1636 Quantum
2690 1573 2930 1638 habebis,
2954 1584 3129 1629 tantus
3159 1577 3288 1630 eris.

1716 1655 1921 1728 Frange
1954 1659 2222 1724 lunam,et
2246 1661 2326 1714 fac
2348 1660 2629 1716 fortunam.
2659 1663 2759 1717 Ista
2779 1666 3081 1721 susurrahis
3112 1667 3294 1736 proxi-

1714 1763 1803 1801 mo
1840 1758 1948 1814 tuo,
1978 1766 2096 1819 qua:
2141 1766 2245 1805 non
2292 1752 2521 1807 didicisti
2570 1754 2621 1808 in
2649 1754 2808 1809 domo
2836 1756 3163 1828 disciplinae,
3195 1773 3293 1815 nec

1712 1840 1903 1894 audisti
1934 1841 2040 1896 hic.

1782 1931 2008 1987 CAPUT
2048 1931 2137 1986 IX.
2162 1963 2233 1973 —
2272 1934 2543 1989 Avurorum
2586 1937 2865 2004 perniciosa
2910 1940 3158 2010 colloquia
3200 1958 3292 1994 ca-

1710 2022 1887 2075 venda.
1932 2023 2062 2077 Nolo
2091 2024 2170 2078 sic
2194 2024 2383 2094 diligas
2410 2028 2711 2095 proximum
2737 2037 2906 2083 tuum.
2935 2029 2980 2084 0
3008 2032 3049 2084 si
3076 2047 3289 2102 possem

1713 2110 1906 2176 facere,
1952 2123 2007 2167 nt
2054 2115 2181 2168 nulli
2220 2116 2548 2186 jungcreris!
2584 2118 2923 2190 Corrumpunt
2955 2122 3095 2176 enim
3130 2140 3293 2177 mores

1709 2200 1864 2255 bonos
1891 2205 2142 2276 colloquia
2171 2208 2304 2258 mala
2335 2206 2377 2275 (ι
2399 2208 2516 2261 Cor.
2548 2225 2637 2274 xv,
2663 2212 2774 2280 55).
2800 2210 2903 2266 Sed
2937 2228 3040 2267 non
3076 2230 3291 2282 possum

1709 2292 1882 2346 facere
1909 2302 1965 2347 ut
1991 2296 2187 2348 nemini
2223 2296 2463 2367 iungaris
2484 2341 2496 2356 .
2525 2301 2607 2352 cui
2638 2301 2774 2353 mala
2800 2302 2896 2355 ista
2924 2318 3041 2372 qua!
3071 2320 3175 2358 non
3206 2306 3285 2359 vis

1707 2380 1982 2437 dediscere
2023 2384 2350 2448 insusurres;
2380 2396 2433 2441 et
2478 2402 2582 2441 non
2629 2390 2800 2443 solum
2845 2392 2984 2445 nolis
3016 2393 3289 2462 dedoceri,

1706 2471 1800 2526 sed
1843 2472 2056 2528 all‘ectes
2099 2476 2257 2529 etiam
2284 2477 2497 2531 docere.
2543 2479 2694 2545 Nolo,
2739 2482 2845 2535 imo
2876 2483 3029 2545 volo,
3058 2483 3151 2537 sed
3182 2500 3287 2539 non

1708 2577 1946 2630 possum,
1974 2564 2279 2635 disjungere
2307 2576 2357 2620 te
2384 2566 2451 2621 ab
2478 2571 2693 2623 auribus
2728 2571 2976 2625 altorum.
3014 2573 3161 2626 Alios
3188 2574 3286 2628 ad-

1705 2670 1972 2717 moneam.
1995 2658 2060 2712 ad
2090 2673 2316 2726 quorum
2341 2675 2501 2715 aures
2525 2662 2715 2724 ambis,
2748 2678 2974 2732 quorum
3007 2680 3163 2719 aures
3195 2680 3288 2734 pc-

1705 2756 1917 2804 netrarc
1949 2750 2173 2812 moliris,
2214 2751 2279 2803 ad
2310 2768 2536 2821 quorum
2568 2753 2724 2807 corda
2762 2769 2857 2823 per
2900 2771 3057 2809 aures
3088 2756 3289 2811 intrare

1704 2841 1962 2911 disponis.
1993 2842 2037 2896 O
2058 2843 2145 2913 qui
2181 2844 2379 2913 accipis
2403 2844 2621 2899 verbum
2647 2860 2832 2899 sanum
2862 2847 2913 2900 in
2940 2846 3102 2901 dunto
3126 2847 3289 2904 disci-

1706 2932 1882 3003 plina},
1914 2933 2036 3003 Sepi
2064 2950 2209 2987 aures
2236 2945 2347 2988 tuus
2384 2936 2543 3003 spinis
2582 2935 2769 3005 (Ereti.
2796 2952 2988 3000 xxvnt,
3014 2938 3126 3007 28).
3150 2936 3282 2992 Cor-

1703 3035 1939 3091 rumpunt
1967 3024 2119 3079 bonos
2150 3042 2309 3079 mores
2337 3026 2587 3095 colloquia
2621 3028 2754 3080 mula
2784 3044 2802 3082 :
2841 3030 2947 3099 δι’ρὶ
2985 3046 3131 3083 cures
3173 3039 3289 3083 tuas

1703 3115 1881 3183 spinis.
1911 3114 2055 3185 Sepi,
2079 3124 2128 3169 et
2157 3115 2323 3184 spinis
2357 3117 2503 3186 sepi;
2540 3124 2597 3171 ut
2627 3117 2713 3171 ille
2743 3118 2830 3186 qui
2876 3119 3175 3186 importune
3206 3119 3288 3172 in-

1705 3215 1846 3259 trare
1888 3221 2048 3260 ausus
2081 3205 2255 3269 fuerit,
2282 3222 2386 3260 non
2434 3206 2605 3261 Solum
2644 3209 2950 3278 repellatur,
2984 3208 3077 3262 sed
3119 3210 3281 3262 ctiam

1703 3305 2105 3367 compungatur.
2153 3297 2374 3366 Repellc
2416 3299 2563 3353 illunt
2600 3315 2628 3352 a
2678 3309 2749 3353 te.
2787 3301 2879 3355 Dic
2910 3319 2923 3355 :
2953 3300 3287 3357 Christianus

1703 3401 1782 3452 es,
1813 3386 2147 3442 Christianus
2185 3403 2301 3443 sum
2333 3406 2345 3442 :
2381 3404 2485 3443 non
2532 3390 2632 3444 hoc
2674 3389 2974 3459 accepimus
3016 3392 3067 3445 iu
3116 3392 3282 3446 duino

1701 3480 2021 3549 disciplinas,
2054 3494 2157 3535 non
2198 3480 2299 3535 hoc
2336 3480 2620 3535 didicimus
2670 3481 2721 3535 in
2770 3482 2859 3535 illa
2897 3482 3077 3537 schola
3123 3499 3282 3550 quam

1701 3573 1865 3643 gratis
1905 3572 2249 3636 intravimus;
2282 3587 2385 3627 non
2426 3573 2525 3626 hoc
2551 3572 2834 3626 didicimus
2862 3572 2963 3627 sub
2992 3573 3081 3627 illo
3120 3574 3286 3642 magi-

1703 3674 1813 3718 stro
1842 3664 1991 3731 cujus
2017 3661 2267 3717 cathedra
2294 3660 2344 3715 in
2368 3664 2505 3717 caelo
2526 3672 2625 3717 est.
2652 3661 2767 3717 Noli
2798 3664 2923 3717 mihi
2953 3663 3049 3717 ista
3078 3663 3281 3729 dicere,

1702 3763 1792 3808 aut
1820 3754 1928 3807 noli
1961 3753 2027 3808 ad
2058 3770 2142 3808 me
2175 3754 2448 3810 accedere.
2479 3755 2590 3810 lloc
2626 3763 2708 3810 est
2746 3756 2887 3809 enim
2909 3797 2925 3820 ,
2970 3756 3096 3826 Sepi
3135 3772 3286 3812 aures

1701 3855 1812 3900 tuas
1840 3847 2018 3916 spinis.

1774 3935 1859 3989 10.
1901 3935 2218 3992 Convertam
2246 3952 2331 3992 me
2352 3936 2417 3992 ad
2447 3937 2618 3991 illum.
2644 3938 2846 3991 Avarus
2875 3951 2932 3991 es
2957 3976 2971 4000 ,
3004 3938 3281 4006 pecuniam

1700 4043 1847 4082 amas
1881 4046 1893 4081 :
1926 4029 2110 4083 beatus
2136 4044 2254 4084 esse
2282 4031 2399 4082 vis?
2428 4030 2589 4083 Deum
2622 4038 2765 4082 tuum
2796 4044 2935 4082 anna.
2965 4028 3194 4083 Pecunia
3228 4038 3282 4085 ιε

1702 4134 1807 4172 ιιοιι
1835 4118 1955 4173 facit
1983 4118 2194 4173 beattnn
2227 4136 2240 4171 :
2270 4129 2323 4172 tu
2352 4134 2469 4173 eam
2500 4119 2630 4172 facis
2659 4128 2900 4172 ornatam
2923 4157 2937 4183 ,
2975 4135 3079 4172 non
3114 4120 3198 4173 illa
3228 4128 3281 4172 te

1702 4210 1934 4265 beatum.
1966 4208 2069 4263 Sed
2096 4210 2216 4278 quia
2244 4210 2466 4263 multum
2504 4223 2653 4262 amas
2688 4209 3003 4277 pecuniam,
3045 4218 3100 4263 et
3126 4208 3281 4264 video

1700 4304 1821 4373 quia
1855 4321 1885 4372 p
1906 4304 2028 4370 ‘t‘gis
2063 4317 2167 4371 quo
2208 4301 2424 4370 jusserit
2457 4300 2756 4369 cupiditas;
2785 4300 2953 4370 piger,
2980 4316 3139 4370 perge
3173 4316 3285 4370 quo

1696 4393 1842 4463 jubet
1866 4394 2095 4447 charitas
2118 4410 2133 4447 :
2157 4394 2383 4463 re-pice,
2414 4402 2468 4447 et
2489 4392 2606 4447 vide
2631 4402 2882 4462 quantum
2908 4392 3117 4448 intersit
3140 4393 3282 4449 inter

1704 4487 1979 4555 pecuniam
2011 4494 2154 4538 tuam
2186 4494 2240 4539 et
2263 4485 2427 4538 Deum
2463 4494 2629 4538 tuum.
2658 4483 2937 4539 Pulchrior
2963 4494 3045 4539 est
3071 4485 3171 4539 iste
3200 4487 3280 4539 sol

1701 4591 1858 4646 quam
1908 4577 2126 4646 pecunia
2174 4586 2282 4643 tua,
2319 4585 2373 4631 et
2414 4584 2587 4630 tamen
2619 4576 2696 4630 sol
2739 4577 2838 4631 iste
2882 4592 2986 4631 non
3026 4585 3108 4631 est
3140 4577 3282 4632 Dens

1703 4678 1822 4723 tius
1868 4668 2033 4722 Porro
2054 4668 2094 4721 si
2120 4666 2386 4736 pulchrior
2403 4676 2484 4720 est
2506 4667 2590 4719 lux
2616 4667 2712 4720 ista
2734 4682 2893 4735 quam
2925 4668 3143 4734 pecunia
3168 4676 3280 4723 tua.

1700 4768 1953 4831 quantum
1980 4768 2061 4813 est
2088 4758 2355 4827 pulchrior
2380 4758 2466 4826 qui
2496 4757 2619 4810 fecit
2646 4756 2779 4809 hanc
2801 4755 3011 4810 lucem?
3037 4759 3119 4810 An
3144 4758 3283 4813 forte

1701 4864 2011 4918 comparare
2039 4848 2115 4901 vis
2143 4846 2416 4916 pecuniam
2441 4854 2581 4899 tuam
2618 4845 2763 4898 luci?
2787 4846 2920 4900 Ecce
2941 4847 3135 4901 occidit
3162 4848 3278 4913 sol;

1700 4939 1924 4995 ostende
1970 4938 2100 4992 mihi
2140 4938 2414 5006 pecuniam
2461 4944 2624 4989 tuam.
2656 4936 2829 4999 Nitet,
2857 4946 2910 4990 et
2952 4948 3107 4992 nocte
3151 4940 3280 4993 sub-

1703 5034 1853 5086 traho
1874 5033 2139 5085 lucernam
2162 5046 2176 5093 ;
2209 5044 2334 5083 cccc
2359 5028 2507 5083 dives
2532 5044 2591 5083 cs
2611 5068 2625 5093 ,
2654 5030 2878 5083 ostende
2909 5030 3038 5084 mihi
3064 5032 3279 5085 divitias

1703 5134 1837 5180 tuas.
1870 5124 1983 5179 Jam
2009 5126 2050 5177 si
2081 5123 2277 5176 lumine
2304 5122 2548 5191 priveris,
2571 5121 2680 5191 jam
2712 5122 2883 5175 sinon
2914 5123 3111 5178 habeas
3139 5123 3279 5177 unde

1700 5218 1839 5288 quod
1872 5218 2035 5270 hahcs
2068 5214 2267 5275 videas,
2299 5213 2386 5267 ubi
2408 5224 2527 5267 sunt
2551 5213 2747 5268 divitia:
2778 5215 2924 5267 tum?

1770 5306 1995 5361 CAPUT
2036 5305 2100 5359 Χ.
2118 5335 2187 5344 -
2203 5307 2359 5358 Acuta
2380 5304 2435 5358 in
2463 5321 2620 5358 σιω-οε
2639 5307 2880 5376 quosdam
2915 5322 3111 5359 avaros.
3139 5305 3276 5370 Quo-

1700 5401 1847 5455 modo
1892 5400 2181 5470 praecipitur
2218 5397 2353 5451 Deus
2393 5399 2554 5451 amari
2594 5408 2831 5468 tanquam
2870 5399 3104 5467 pecunia.
3147 5397 3284 5449 Tun-

1699 5497 1821 5548 drns
1849 5504 2037 5564 pectus,
2064 5508 2153 5545 nec
2173 5509 2227 5545 se
2250 5492 2526 5560 corrigens,
2552 5492 2735 5544 solidat
2757 5500 2977 5558 peccata,
3001 5505 3101 5541 non
3127 5488 3281 5542 tollit.

1701 5587 1766 5641 Et
1785 5588 1861 5640 sic
1888 5597 2064 5643 tamen
2086 5582 2351 5636 horrenda
2381 5580 2708 5651 profunditas
2743 5577 2982 5632 avarttia:
3010 5592 3113 5630 non
3137 5588 3283 5645 patet

1700 5678 1887 5735 oculis.
1919 5687 1971 5730 et
1997 5683 2166 5729 scatet
2201 5673 2391 5727 animis
2413 5673 2452 5726 ¹.
2480 5670 2717 5724 Vidimus
2754 5677 2807 5722 et
2841 5682 3011 5722 caseos
3048 5681 3237 5723 avaros
3265 5686 3280 5722 :

1768 5794 1783 5825 ι
1820 5799 1944 5853 Mss,
1972 5803 2064 5843 non
2086 5784 2412 5853 patctoculus,
2438 5789 2482 5835 et
2504 5786 2648 5833 scatet
2670 5792 2871 5831 animus.
2944 5834 2947 5837 _
