3860 6284
562 282 667 340 8Ἱό

561 391 772 446 dicatur
809 386 938 443 mihi
982 385 1124 440 unde
1162 387 1304 440 avari
1345 394 1469 440 sunt
1495 385 1623 439 Caeci
1647 428 1662 449 ,
1693 385 1780 455 qui
1809 400 1912 438 non
1944 383 2142 437 vident.

561 481 715 550 Quod
746 480 906 534 habet
947 491 1046 533 nec
1083 476 1259 540 habet,
1287 484 1341 530 et
1372 487 1546 530 tamen
1599 490 1790 530 avarus
1830 484 1913 528 est
1948 487 2144 527 caecus.

562 571 780 639 Quare?
800 569 932 639 Quia
961 569 1131 624 credit
1162 583 1221 622 se
1247 567 1463 634 habere,
1489 581 1680 620 avarus
1706 575 1810 620 est.
1831 564 1988 619 Fides
2026 579 2146 618 eum

564 663 691 718 facit
744 661 958 716 divitem
1015 678 1030 715 :
1081 658 1348 714 credendo
1395 656 1546 711 dives
1568 665 1690 721 est,
1745 671 1852 711 non
1898 654 2146 708 videndo.

564 755 774 824 Quanto
802 753 990 809 melius
1017 751 1171 807 [idem
1197 751 1456 805 convertit
1486 747 1552 801 ad
1586 749 1750 802 Deum
1774 747 1833 801 ‘?
1862 745 1974 800 Non
1999 744 2149 800 vides

564 846 706 917 quod
737 844 994 916 possides,
1016 852 1071 897 et
1099 843 1262 896 Deum
1294 840 1386 895 tibi
1414 840 1493 894 sic
1519 839 1769 909 praedico.
1797 836 2042 892 Nondum
2073 835 2151 889 vi-

565 941 662 994 des
691 957 705 994 :
732 952 871 1000 ama,
902 946 956 991 et
984 934 1207 990 videbis.
1239 934 1399 986 Amas
1421 930 1719 1002 pecuniam,
1742 945 1776 982 ο
1803 943 1961 990 cmce,
1991 941 2149 996 quam

567 1043 834 1099 nunquam
863 1025 1087 1082 videbis.
1117 1025 1303 1078 Cmeus
1331 1021 1573 1091 possides
1595 1062 1613 1087 ,
1643 1033 1820 1074 caecus
1859 1018 2152 1072 moriturus

566 1135 648 1185 es,
692 1118 831 1189 quod
876 1115 1117 1186 possides
1148 1114 1233 1168 hic
1263 1113 1547 1167 relicturus
1573 1125 1651 1165 es.
1679 1109 1798 1164 Non
1833 1108 2053 1163 tenebas
2097 1115 2153 1163 et

565 1209 774 1280 quando
795 1208 1009 1264 vivebas
1029 1209 1082 1273 ’ς
1111 1205 1232 1277 quia
1261 1221 1367 1259 non
1393 1203 1605 1258 videbas
1637 1200 1783 1272 quod
1808 1200 2060 1255 habebas.

637 1300 724 1353 H.
751 1299 825 1354 De
873 1298 981 1352 Deo
1023 1295 1147 1366 quid
1193 1295 1285 1350 tibi
1312 1293 1543 1349 dicitur?
1589 1292 1725 1346 Ecce
1769 1291 1870 1345 hoc
1891 1290 1982 1345 tibi
2024 1289 2154 1344 dicit

566 1389 678 1459 ipsa
709 1387 1014 1457 Sapientia:
1047 1387 1180 1441 Ama
1210 1385 1357 1439 illum
1386 1394 1625 1454 tanquam
1664 1381 1928 1453 pecuniam
1967 1379 2149 1448 (Prov.

568 1498 632 1548 tt,
663 1481 740 1553 4).
771 1480 1044 1551 indignum
1071 1487 1182 1543 est,
1212 1477 1524 1547 injuriosum
1551 1483 1666 1536 est,
1696 1483 1750 1526 ut
1777 1471 2032 1542 sapientia
2062 1486 2155 1541 pe-

564 1574 737 1628 cunia:
777 1577 1118 1642 comparetur
1165 1587 1178 1624 :
1223 1567 1316 1623 sed
1377 1582 1529 1621 amor
1570 1565 1740 1619 amori
1790 1572 2149 1633 comparatur.

567 1665 736 1720 Video
760 1664 900 1720 enim
927 1662 1014 1717 hic
1039 1676 1134 1716 vos
1170 1660 1248 1714 sic
1289 1675 1468 1713 amare
1508 1658 1787 1727 pecuniam
1809 1697 1824 1721 ,
1853 1667 1911 1710 ut
1932 1655 2154 1724 jnbente

565 1771 749 1810 amore
773 1753 1012 1825 pceunhe
1053 1751 1264 1806 labores
1293 1749 1596 1818 suscipiatis
1615 1790 1628 1814 ,
1651 1747 1849 1817 jejunia
1882 1747 2150 1814 toleretis,

569 1863 716 1903 mare
756 1845 1071 1911 transeatis,
1105 1844 1276 1900 ventis
1303 1853 1354 1898 et
1382 1841 1628 1896 (luctibus
1669 1854 1762 1894 vos
1789 1837 2151 1894 committatis.

568 1941 751 1996 llabco
793 1939 932 1994 unde
991 1939 1182 2008 eligam
1227 1935 1366 2006 quod
1413 1933 1636 1999 ametis,
1683 1931 1776 1987 sed
1823 1948 1928 1986 non
1984 1930 2155 1986 habeo

569 2030 711 2102 quod
737 2030 927 2084 addam
953 2028 1020 2082 ad
1046 2043 1283 2082 antorem
1321 2043 1425 2096 quo
1452 2025 1659 2078 amatis.
1690 2024 1780 2077 Sic
1823 2039 1910 2078 me
1939 2037 2113 2077 amate
2134 2063 2151 2090 ,

568 2123 689 2194 plus
719 2122 841 2176 nolo
865 2136 949 2176 me
975 2120 1171 2186 amari,
1199 2119 1271 2173 ait
1297 2119 1454 2173 Dens.
1482 2115 1740 2186 [mprobis
1769 2116 1960 2185 loquor
1984 2156 1998 2178 ,
2025 2129 2154 2168 ava-

569 2214 644 2266 ris
693 2213 921 2281 loquor:
956 2210 1239 2266 Pecuniam
1283 2209 1530 2278 diligitis,
1565 2216 1767 2261 tantum
1813 2222 1898 2260 me
1927 2205 2151 2274 diligite.

569 2306 728 2359 Certe
774 2303 962 2358 melior
999 2317 1116 2357 sum
1155 2300 1640 2370 incomparabiliter
1686 2317 1699 2353 :
1747 2299 1872 2354 nolo
1916 2313 1945 2352 a
2003 2298 2154 2353 vobis

572 2397 890 2467 ampliorem
954 2409 1224 2458 amorem;
1268 2393 1521 2462 Quantum
1569 2391 1788 2461 diligitis
1838 2389 2153 2459 pecuniam,

573 2496 774 2542 tantum
817 2502 904 2542 me
947 2494 1140 2540 amate.
1191 2485 1580 2539 Erubescamus
1629 2483 1848 2546 saltem,
1897 2481 2153 2536 coniitea-

573 2594 729 2645 innr,
762 2588 816 2633 et
868 2587 1078 2647 pectora
1131 2575 1447 2638 tundamus,
1490 2589 1594 2627 non
1637 2581 1693 2627 ut
1735 2587 1898 2641 super
1941 2579 2153 2642 peccata

571 2680 754 2723 nostra
801 2668 1158 2738 pavimentum
1201 2665 1508 2720 solidemus.
1554 2663 1686 2718 Nam
1729 2662 1820 2732 qui
1851 2661 2022 2716 tundit
2057 2675 2156 2731 pe-

569 2771 687 2816 ctus
727 2770 782 2816 et
823 2775 930 2815 non
976 2758 1294 2828 corrigitur,
1341 2755 1532 2809 solidat
1563 2764 1812 2824 peccata,
1843 2767 1950 2807 non
1998 2751 2152 2806 tollit.

568 2853 881 2908 Tundamus
927 2847 1140 2921 pectus,
1187 2857 1241 2904 et
1281 2848 1550 2903 cmdamns
1585 2859 1718 2910 nos,
1747 2856 1802 2900 et
1826 2844 2156 2915 corrigantur

568 2961 600 3000 a
625 2945 806 3010 nobis,
836 2959 903 2998 ne
947 2943 1036 2998 ille
1066 2951 1244 3011 postca
1272 2955 1370 2994 nos
1413 2937 1585 2993 0:13th
1603 2981 1618 3002 ,
1645 2937 1735 3006 qui
1776 2937 2029 3006 magister
2051 2945 2152 2990 est.

571 3038 817 3092 Diximus
839 3036 984 3093 enim
1012 3033 1138 3106 quid
1178 3033 1264 3088 hic
1305 3032 1586 3088 discatur:
1616 3029 1726 3100 jam
1771 3043 1938 3098 quare
1981 3028 2156 3084 disca-

501 3149 503 3152 ‘
571 3137 658 3184 tur
683 3128 725 3182 ⁸.

638 3218 865 3275 CAPUT
902 3217 995 3273 XI.
1035 3246 1107 3257 —
1156 3215 1244 3271 12.
1299 3213 1501 3268 Discere
1535 3213 1730 3269 litteras
1775 3227 1866 3283 spe
1906 3213 2156 3267 commodi

570 3312 863 3381 temporalis
901 3326 1056 3381 quam
1100 3309 1320 3364 solemne
1352 3316 1504 3362 estet
1551 3322 1703 3379 quam
1750 3320 1953 3360 vanum.
1991 3303 2156 3360 Metus

567 3403 765 3459 mortis.
791 3403 968 3471 Quare
990 3401 1132 3457 ivisti
1161 3401 1213 3456 in
1240 3398 1477 3455 scholam
1501 3441 1514 3463 ,
1546 3413 1712 3469 quare
1736 3397 2018 3467 vapulasti,
2045 3405 2101 3452 et
2123 3412 2153 3451 a

568 3495 877 3567 parentibus
901 3493 1091 3549 ductus
1111 3534 1126 3557 ,
1165 3500 1220 3547 et
1249 3489 1476 3559 fugitans
1507 3489 1788 3560 quzesitus,
1817 3495 1872 3543 et
1911 3488 2156 3544 inventus

566 3593 824 3640 attractus
867 3597 961 3648 es,
1008 3592 1064 3639 et
1123 3581 1382 3636 adductus
1421 3588 1674 3635 extensus
1714 3578 1806 3634 es?
1842 3577 2018 3647 Quare
2059 3592 2155 3632 va-

565 3676 796 3748 pulasti?
834 3690 1000 3748 quare
1048 3683 1191 3729 tanta
1221 3673 1354 3728 mala
1383 3673 1438 3727 in
1485 3672 1710 3742 pueritia
1748 3671 2046 3741 pertulisti?
2086 3668 2155 3726 Ut

566 3770 821 3824 disceres.
865 3766 1003 3837 Quid
1040 3765 1314 3822 disceres?
1341 3765 1590 3819 Litteras.
1635 3763 1848 3832 Quare?
1875 3762 1944 3818 Ut
1989 3763 2151 3818 habe-

566 3866 716 3914 retur
740 3859 996 3928 pecunia,
1038 3865 1129 3911 aut
1171 3865 1225 3910 ut
1279 3863 1679 3924 compararetur
1715 3853 1920 3921 honor,
1975 3862 2030 3909 et
2069 3861 2151 3910 te-

567 3958 784 4004 neretur
818 3947 1115 4004 sublimitas
1153 3945 1448 4017 dignitatis.
1507 3945 1638 4001 Vide
1681 3945 1804 4016 quia
1850 3946 2150 4016 periturus,

568 4050 788 4112 propter
815 4041 1104 4111 perituram
1150 4053 1262 4094 rem
1287 4079 1302 4106 ,
1353 4037 1638 4108 perituram
1682 4053 1796 4093 rem
1841 4052 1962 4094 cum
2006 4047 2153 4093 tanto

569 4132 752 4186 labore
794 4130 1025 4186 didicisti
1073 4130 1126 4184 in
1173 4129 1331 4184 tantis
1356 4127 1560 4198 pinnis,
1589 4137 1643 4184 et
1671 4128 1883 4182 amabat
1910 4138 1961 4182 te
1984 4128 2072 4199 qui
2101 4138 2152 4183 te

564 4223 631 4278 ad
675 4238 862 4293 positas
887 4221 1131 4278 trahebat
1162 4239 1176 4275 :
1207 4221 1319 4290 ipse
1349 4221 1437 4291 qui
1484 4230 1536 4275 te
1561 4221 1805 4288 amabat,
1837 4221 1950 4290 ipse
1990 4230 2040 4276 te
2084 4222 2152 4276 ad

566 4327 752 4383 pronas
779 4311 1050 4375 trahebat;
1091 4318 1149 4364 ut
1176 4309 1484 4380 vapularcs,
1532 4309 1760 4365 amando
1799 4308 2020 4364 faciebat
2049 4327 2064 4375 ;
2093 4320 2154 4364 ut

565 4404 834 4467 disceres,
857 4400 1023 4472 quid?
1058 4401 1306 4456 Litteras.
1338 4400 1499 4456 Bona:
1539 4410 1664 4456 sunt
1709 4401 1940 4455 litteraa?
1970 4401 2148 4456 Bome.

484 4477 498 4562 ξ
565 4494 733 4560 Novi,
763 4493 1004 4549 dicturus
1039 4505 1098 4547 es
1125 4491 1254 4546 mihi
1283 4510 1298 4546 :
1328 4495 1492 4562 quare
1521 4500 1574 4547 et
1603 4505 1694 4546 vos
1712 4533 1726 4555 ,
1761 4491 2030 4562 episcopi,
2063 4493 2150 4546 lit-

478 4571 501 4635 3
566 4597 710 4643 teras
735 4585 970 4657 legistis;
1017 4599 1183 4655 quare
1230 4600 1369 4639 nunc
1394 4584 1600 4638 divinas
1626 4582 1929 4651 Scripturas
1957 4584 2008 4637 in
2039 4583 2149 4652 ipsa

568 4675 862 4731 litteratura
888 4674 1123 4730 tractatis
1145 4672 1188 4725 ⁸.
1217 4672 1289 4727 Ita
1315 4687 1444 4727 vero
1472 4689 1485 4725 :
1518 4670 1612 4726 sed
1640 4686 1748 4725 non
1783 4670 1852 4725 ad
1893 4671 1993 4726 hoc
2013 4671 2152 4726 didi-

568 4767 740 4821 cimus
778 4765 999 4820 litteras.
1037 4763 1153 4820 Non
1197 4764 1342 4818 enim
1389 4769 1641 4832 parentes
1682 4762 1882 4828 nostri,
1939 4761 2150 4832 quando

570 4872 669 4913 nos
711 4857 765 4910 in
807 4855 1044 4912 scholam
1075 4854 1385 4919 mittebant,
1415 4853 1516 4908 hoc
1545 4853 1696 4908 nobis
1734 4851 1984 4908 dicebant
2011 4870 2026 4907 :
2057 4853 2149 4907 Di-

568 4949 702 5005 scite
721 4949 956 5016 litteras,
990 4955 1048 5004 ut
1074 4947 1314 5003 habeatis
1356 4945 1497 5001 unde
1544 4945 1720 5016 legere
1758 4945 1972 5016 possitis
2003 4945 2024 4977 ⁸
2053 4959 2150 5000 co-

569 5105 1010 5218 Dgu’t’tligterciensis
1051 5110 1170 5155 Its.:
1217 5107 1397 5164 Qitanto
1432 5100 1602 5153 melius
1649 5098 1772 5167 ﬁdes
1811 5100 2039 5153 convertit
2080 5102 2148 5152 ad

631 5232 652 5262 ³
683 5230 766 5279 Hic
788 5227 905 5279 editi
925 5226 1122 5288 addunt,
1143 5232 1318 5291 quarto
1349 5225 1505 5290 ntagis
1542 5224 1742 5290 perdis;
1764 5223 1895 5288 quod
1939 5225 2083 5276 abest
2120 5237 2150 5275 a

566 5297 1091 5426 "sgfrutugdaveusi
1108 5328 1338 5426 liv-ixionis
1359 5348 1488 5426 enim
1507 5347 1616 5426 jggn
1640 5347 1778 5426 Διιιιίιι
1787 5345 1887 5426 Lhic
1910 5345 2148 5426 discatqr,

563 5427 715 5478 quare
737 5407 971 5478 discam.
996 5412 1129 5475 Apud
1149 5418 1260 5461 ιον.
1282 5411 1460 5462 desunt
1495 5407 1682 5460 ultima
1699 5411 1866 5471 verba,
1893 5421 2045 5473 quare
2067 5407 2150 5460 dic

565 5477 916 5586 “i‘iﬁ'xd‘ér.
942 5534 1088 5598 Lugd.
1109 5541 1160 5598 et
1172 5541 1311 5593 ven.,
1328 5546 1420 5584 non
1443 5530 1669 5598 legistis?
1689 5529 2146 5598 nontroetastisZM.

624 5600 646 5632 ⁵
677 5601 751 5648 sic
775 5599 913 5659 juxta
935 5594 1180 5660 Erftngd.
1216 5603 1332 5660 Ven.
1359 5603 1464 5647 nov.
1487 5594 1585 5645 "PP.
1625 5595 1923 5660 Benedietini
1935 5594 2148 5660 non__ha-

563 5658 684 5709 bent
707 5662 754 5708 in
775 5655 927 5722 textu,
951 5655 1135 5714 voceui.
1160 5657 1380 5722 possitis;
1403 5666 1514 5710 nota
1538 5671 1656 5709 vero
1679 5655 1954 5721 marginalis
1975 5656 2148 5706 indicat

565 5733 674 5770 eam
695 5720 1010 5785 supplendam
1033 5720 1168 5770 esse.
1228 5728 1267 5769 tt

1159 275 1220 331 S.
1263 273 1627 332 AUGUSTINI
1667 271 1966 330 EPISCOPI
2007 268 2238 327 SEIlMO
2277 269 2362 325 DE
2405 270 2775 328 DlSC‘lPLI‘NA
2815 271 3238 333 CllRlSTlANA.
3661 287 3738 348 θη

2251 386 2399 441 dices
2440 387 2756 444 dominicos.
2803 389 2912 446 Nec
2955 391 3054 461 ipsi
3106 391 3390 448 Christiani
3421 394 3532 451 filiis
3566 401 3659 456 suis
3679 403 3749 462 hoc

2251 476 2455 532 dicunt.
2505 478 2611 535 Sed
2652 479 2814 551 quid?
2850 482 3043 537 Discite
3097 482 3321 539 litteras.
3368 485 3564 554 Quare?
3610 491 3667 548 Ut
3702 499 3751 551 sis
3835 476 3837 544 Ῐ

2255 568 2434 623 homo.
2466 569 2599 638 Quid
2629 571 2809 626 enim?
2836 572 2996 627 modo
3020 588 3183 644 pecus
3221 574 3379 629 sum?
3405 577 3548 645 Quod
3572 580 3699 647 dico,
3721 600 3752 640 ω

2254 659 2328 713 sis
2354 659 2547 724 homo,
2593 659 2698 715 hoc
2735 669 2847 728 est,
2896 671 2952 716 ut
2979 663 3055 717 sis
3097 663 3341 720 eminens
3384 666 3518 723 inter
3555 668 3750 730 homines.

2254 750 2407 806 Unde
2449 761 2502 806 et
2545 752 2670 807 illud
2707 755 3044 822 proverbium
3079 773 3094 809 :
3123 755 3389 824 Quantum
3421 760 3644 823 habebis.
3676 773 3756 820 tan-

2256 851 2339 895 tus
2380 842 2506 897 eris.
2538 841 2612 898 Ut
2656 842 2852 899 habeas
2894 853 3148 916 quantum
3185 846 3404 911 creteri,
3447 858 3533 903 aut
3568 863 3758 920 quantum

2253 932 2437 1001 pauci;
2473 941 2564 987 aut
2590 933 2710 1003 plus
2737 949 2895 1004 quam
2921 936 3102 990 cazteri
3122 977 3137 1000 ,
3181 945 3269 991 aut
3299 938 3421 1007 plus
3453 953 3598 1010 quam
3624 948 3758 1012 muci;

2255 1020 2451 1076 habeas
2492 1023 2616 1078 inde
2657 1023 2947 1092 honorem,
2996 1026 3191 1082 habeas
3236 1027 3366 1083 inde
3407 1027 3693 1099 dignitatem.
3718 1035 3762 1093 Et

2255 1112 2522 1168 uhierunt
2564 1113 2659 1168 ista
2687 1115 2894 1183 omnia,
2939 1131 3060 1171 cum
3093 1133 3238 1190 mors
3265 1120 3512 1175 venerit?
3549 1123 3761 1190 Quomodo

2255 1205 2526 1272 stimulat,
2559 1207 2825 1276 quomodo
2859 1217 3033 1263 metus
3071 1207 3170 1264 iste
3195 1209 3533 1281 interpellat?
3555 1212 3763 1282 Quomodo
3821 1201 3824 1204 ’

2255 1311 2450 1350 nomen
2491 1297 2659 1367 ipsum
2698 1313 2726 1351 a
2758 1313 2844 1352 me
2884 1301 3363 1354 commemoratum
3408 1303 3631 1358 omnium
3652 1308 3764 1361 conia
3829 1371 3831 1374 g

2257 1386 2552 1456 percussit?
2591 1387 2868 1456 Quomodo
2904 1389 3149 1445 timorem
3176 1401 3418 1446 vestrum
3465 1401 3590 1448 teste
3623 1399 3765 1466 gemitu
3825 1431 3830 1452 .-

2254 1476 2602 1532 declarastis?
2642 1479 2866 1546 Audivi,
2918 1480 3093 1534 audivi
3125 1498 3137 1534 :
3165 1482 3445 1552 gemuistis
3465 1525 3478 1548 ,
3507 1497 3699 1540 mortem
3723 1489 3764 1541 ti-
3827 1543 3830 1546 ,

2256 1567 2432 1621 metis.
2472 1566 2528 1622 Si
2575 1568 2802 1636 timetis,
2847 1585 3012 1640 quare
3053 1586 3159 1626 non
3207 1572 3452 1627 cavetis?
3500 1573 3692 1630 Mortem
3729 1580 3769 1631 ιε.

2256 1659 2412 1712 metis
2442 1675 2455 1710 :
2487 1658 2612 1727 quid
2657 1660 2897 1714 timetis?
2922 1660 3153 1717 Ventura
3193 1673 3276 1718 est
3307 1680 3323 1716 :
3359 1663 3599 1733 timeam,
3625 1681 3706 1720 non
3728 1669 3769 1720 ti-
3807 1658 3837 1733 ἲ.

2255 1764 2465 1816 meam,
2511 1751 2690 1806 venire
2729 1750 2923 1818 habet;
2968 1742 3140 1819 sero,‘
3173 1754 3320 1818 cito,
3372 1765 3586 1810 ventura
3611 1767 3693 1811 est.
3731 1756 3766 1813 Si

2258 1839 2472 1904 timeas,
2502 1856 2606 1895 non
2631 1841 2832 1897 eflicies
2860 1853 2916 1897 ut
2943 1859 3048 1899 non
3079 1845 3146 1898 sit
3172 1845 3318 1915 quod
3348 1846 3528 1902 times.
3815 1853 3819 1858 '

2327 1929 2551 1986 CAPUT
2591 1931 2702 1986 XII.
2732 1963 2804 1973 —
2833 1933 2919 1988 15.
2969 1933 3113 1989 Mors
3153 1934 3289 1989 bona
3312 1977 3326 1999 ,
3357 1937 3406 1991 ai
3432 1938 3531 1990 vita
3553 1939 3665 1992 bona
3684 1956 3768 2008 pre-
3815 1983 3822 2008 λ

2256 2025 2423 2078 cessit.
2471 2024 2600 2079 Illud
2643 2025 2834 2098 potius
2864 2027 3024 2092 time,
3070 2027 3212 2097 quod
3261 2029 3310 2084 si
3356 2030 3528 2097 nolis,
3557 2047 3648 2085 non
3682 2035 3764 2086 crit.

2256 2118 2428 2186 Quid?
2456 2119 2703 2176 Peccare.
2736 2121 2963 2176 Peccare
2993 2121 3154 2187 time,
3182 2123 3306 2193 quia
3338 2124 3384 2178 si
3413 2125 3654 2179 amavi-ris
3686 2141 3767 2193 pec-

2256 2219 2372 2266 cata
2393 2252 2407 2275 ,
2459 2211 2510 2265 in
2540 2210 2697 2265 aliam
2741 2211 2976 2267 mortem
2996 2214 3203 2279 irrues;
3245 2230 3356 2284 quo
3386 2229 3562 2282 posses
3598 2231 3682 2268 non
3714 2232 3768 2269 ve

2258 2301 2402 2366 nire,
2431 2302 2474 2354 si
2521 2316 2624 2355 non
2652 2316 2859 2356 amares
2885 2313 3125 2373 peccata.
3155 2303 3317 2358 Modo
3357 2313 3533 2358 autem
3560 2319 3767 2374 perversa

2258 2390 2375 2460 plus
2403 2405 2552 2446 amas
2577 2399 2802 2446 mortem
2830 2407 2987 2462 quam
3036 2393 3220 2447 vitam.
3256 2394 3442 2460 Absit,
3492 2395 3664 2465 inquis.
3686 2397 3766 2464 Quis
3805 2390 3817 2476 ξ

2254 2490 2339 2536 cst
2377 2481 2648 2538 hominum
2685 2482 2774 2553 qui
2816 2483 2933 2553 plus
2975 2492 3119 2538 amet
3162 2495 3397 2540 mortem
3445 2503 3592 2556 quam
3627 2487 3766 2540 vitam?
3809 2487 3837 2546 ἔκ

2258 2572 2416 2628 Forte
2461 2573 2719 2627 convinco
2759 2583 2843 2642 te,
2888 2574 3008 2645 quia
3048 2575 3168 2646 plus
3215 2592 3371 2632 amas
3414 2588 3622 2632 mortem
3663 2594 3764 2647 quam
3809 2631 3816 2640 ά

2255 2663 2436 2718 vitam.
2468 2664 2610 2721 Ecce
2637 2664 2775 2720 unde
2806 2673 2855 2720 te
2879 2664 3158 2720 cumineo.
3199 2668 3370 2721 Amas
3401 2669 3617 2722 tunicam
3644 2677 3762 2728 tuam,
3805 2725 3837 2736 μ

2258 2756 2448 2811 bonam
2479 2770 2595 2810 eam
2625 2755 2706 2810 vis
2738 2752 2930 2811 :amas'
2948 2757 3123 2810 villam
3152 2766 3299 2812 tuam
3325 2799 3338 2817 .
3362 2757 3549 2813 bonam
3573 2773 3670 2813 eam
3691 2758 3763 2810 vis:

2257 2859 2405 2900 amas
2435 2845 2599 2899 tilium
2640 2855 2821 2908 tuum,
2854 2845 3050 2900 bonum
3091 2861 3211 2900 eum
3236 2847 3324 2901 vis
3371 2863 3385 2900 :
3432 2863 3572 2902 amas
3604 2848 3764 2900 amicum

2259 2947 2436 3002 tuum,
2464 2938 2660 2992 bonum
2691 2952 2811 2992 eum
2841 2938 2922 2992 vis
2953 2953 3141 2992 :amas
3175 2937 3398 2993 domum
3430 2948 3593 3003 tuam,
3632 2939 3761 2993 bonam

2257 3045 2376 3084 eam
2429 3030 2530 3084 vis.
2586 3029 2723 3097 Quid
2773 3039 2856 3085 est
2900 3030 3041 3101 quod
3085 3031 3245 3086 etiam
3290 3031 3482 3087 bonam
3524 3033 3596 3087 vis
3629 3031 3764 3086 habere
3835 3015 3837 3022 4

2257 3121 2522 3176 mortem?
2559 3120 2805 3189 Quotidie
2851 3125 2993 3178 enim
3046 3139 3235 3195 rogas,
3292 3133 3352 3180 ut
3393 3126 3624 3198 quoniam
3666 3140 3764 3180 non
3836 3127 3837 3131 “

2260 3221 2481 3267 ventura
2502 3222 2621 3280 est,
2645 3212 2837 3289 bonam
2868 3222 3092 3268 mortem
3119 3213 3213 3268 tibi
3241 3215 3385 3270 Deus
3413 3216 3532 3283 det;
3571 3225 3618 3270 et
3647 3213 3764 3279 dicis,
3836 3217 3837 3220 “

2260 3307 2398 3362 Deus
2437 3315 2643 3361 avertat
2667 3323 2694 3359 a
2726 3322 2811 3361 me
2836 3307 3028 3361 malam
3072 3317 3327 3363 mortem.
3360 3308 3484 3363 Plus
3523 3324 3634 3378 ergo
3665 3318 3766 3360 anus

2257 3405 2484 3453 mortem
2516 3405 2688 3465 tuam,
2712 3413 2869 3468 quam
2909 3399 3072 3452 vitam
3103 3407 3268 3454 tuam.
3301 3399 3438 3455 lori
3477 3400 3600 3454 male
3625 3398 3763 3454 times.

2256 3487 2394 3542 male
2434 3487 2615 3542 vivere
2663 3502 2766 3540 non
2813 3488 2988 3543 times.
3030 3487 3254 3560 Corrige
3302 3490 3440 3545 male
3476 3487 3766 3554 vivem,time

2256 3579 2394 3634 male
2423 3578 2578 3634 mori.
2606 3579 2712 3635 Sed
2741 3581 2847 3635 noli
2888 3581 3075 3637 timere
3107 3600 3120 3636 :
3147 3596 3252 3637 non
3287 3593 3462 3653 potest
3495 3583 3617 3638 male
3637 3581 3760 3644 mori,
3813 3578 3826 3668 ‘1

2256 3672 2344 3742 qui
2381 3673 2516 3726 bene
2553 3673 2762 3727 vixerit.
2813 3673 3040 3728 Prorsus
3081 3674 3378 3742 conﬁrmo,
3422 3675 3580 3731 audeo
3602 3673 3758 3736 dicere,
3819 3671 3829 3746 ξ

2257 3760 2494 3827 Credidi,
2535 3772 2742 3834 propter
2768 3763 2904 3834 quod
2933 3765 3127 3819 locutus
3157 3781 3273 3819 sum
3298 3782 3319 3822 :
3350 3781 3453 3821 non
3485 3771 3637 3836 potest
3667 3761 3759 3817 male

2257 3855 2425 3920 mori,
2473 3855 2566 3925 qui
2613 3854 2748 3911 bene
2791 3857 3000 3911 vixerit.
3055 3857 3172 3912 Jam
3227 3870 3284 3912 tu
3327 3859 3458 3914 dicis
3504 3857 3582 3912 tibi
3610 3853 3756 3910 :Nun'
3835 3877 3838 3888 ν

2256 3947 2407 4001 multi
2455 3946 2586 4016 justi
2645 3947 2916 4018 naufragio
2959 3948 3284 4018 perierunt?
3315 3949 3470 4005 Certe
3504 3964 3595 4003 non
3637 3949 3756 4015 potest

2255 4040 2393 4096 male
2442 4040 2613 4104 mori,
2658 4041 2747 4110 qui
2789 4040 2925 4095 bene
2988 4041 3198 4095 vixerit.
3255 4041 3374 4098 Non
3429 4040 3606 4095 multos
3636 4036 3755 4105 justus
3821 4069 3838 4085 ..

2253 4131 2460 4201 gladius
2487 4131 2710 4201 peremit
2740 4131 2983 4186 hostilis?
3025 4132 3182 4187 Certe
3211 4149 3319 4187 non
3345 4140 3512 4205 potest
3536 4130 3650 4185 male
3678 4138 3755 4179 mo-
3815 4137 3827 4205 ,ξ

2255 4221 2334 4287 ri,
2363 4221 2451 4289 qui
2484 4221 2619 4276 bene
2647 4222 2854 4276 vixerit.
2886 4221 2998 4276 Non
3045 4223 3242 4278 multos
3261 4189 3435 4293 jus-tos
3463 4222 3661 4276 latrones
3691 4228 3751 4268 ος·

2254 4311 2530 4365 ciderunt?
2575 4311 2689 4366 Non
2752 4312 2948 4366 multos
2985 4311 3161 4382 justos
3222 4291 3407 4368 bestize
3457 4303 3749 4367 laniaverant?
3825 4291 3828 4308 ’

2255 4397 2416 4455 Certe
2455 4415 2558 4455 non
2597 4407 2770 4470 potest
2817 4401 2958 4456 male
3006 4402 3174 4469 meri,
3217 4405 3310 4474 qui
3339 4401 3470 4458 bene
3510 4396 3684 4454 vixerit.
3710 4392 3749 4444 Et

2253 4507 2354 4562 ego
2393 4493 2689 4564 respondeo
2735 4509 2748 4549 :
2784 4493 2907 4549 lla‘c
2947 4493 3038 4548 tibi
3076 4495 3219 4549 enim
3247 4494 3451 4550 videtur
3474 4491 3594 4548 mala
3618 4481 3746 4541 mors?
3829 4517 3832 4520 ρ

2255 4581 2529 4654 naufragio
2575 4581 2780 4654 perire,
2827 4585 2998 4655 gladio
3037 4586 3276 4654 percuti,
3321 4601 3350 4640 a
3388 4585 3556 4641 bestiis
3582 4574 3741 4634 laniari.

2253 4689 2399 4730 mors
2425 4677 2559 4730 mala
2591 4677 2682 4732 tibi
2715 4676 2956 4732 videtur?
2975 4676 3162 4734 Nonne
3188 4679 3315 4734 istas
3346 4687 3529 4733 mortes
3551 4679 3742 4740 martyres

2253 4766 2559 4831 subierunt,
2591 4783 2819 4838 quorum
2863 4767 3096 4823 natalitia
3145 4761 3650 4834 celebramus?Quod
3681 4771 3742 4828 εε-
3825 4782 3832 4824 9

2255 4871 2354 4911 nus
2381 4859 2567 4912 mortis
2597 4874 2700 4912 non
2731 4859 3045 4913 subierunt?
3074 4859 3136 4914 Et
3168 4869 3340 4916 tamen
3364 4859 3405 4914 si
3424 4851 3654 4913 christiani
3676 4862 3738 4902 su-

2254 4962 2408 5014 mus,
2449 4948 2493 5002 si
2538 4948 2589 5002 in
2618 4947 2779 5003 domo
2823 4948 3116 5018 disciplima
3158 4965 3255 5005 nos
3297 4963 3410 5005 esse
3447 4942 3732 5002 meminimus,

2255 5039 2337 5094 vel
2363 5054 2483 5093 cum
2515 5039 2598 5094 hic
2627 5054 2809 5094 sumus
2830 5081 2843 5103 ,
2872 5041 2953 5094 vel
2983 5056 3103 5095 cum
3136 5040 3222 5096 hic
3263 5040 3514 5104 audimus,
3537 5034 3575 5090 si
3590 5041 3728 5086 exeun-

2256 5140 2335 5186 tes
2353 5131 2473 5186 hinc
2502 5147 2604 5185 non
2629 5131 3010 5196 obliviscimur,
3039 5132 3082 5186 si
3112 5132 3440 5187 meminimus
3457 5123 3575 5198 quod
3592 5119 3656 5175 hic
3671 5130 3724 5168 au-

2254 5223 2462 5291 dimus,
2508 5239 2686 5278 nonne
2728 5235 2990 5296 martyres
3031 5223 3418 5280 beatiﬁcamus?
3438 5221 3598 5289 Quiete
3626 5220 3727 5296 ωθτξ

2257 5325 2336 5372 tes
2361 5316 2677 5388 Martyrum;
2701 5294 2886 5371 oculos
2924 5317 3101 5373 carnis
3128 5318 3382 5387 interroga
3409 5331 3422 5368 :
3448 5309 3564 5366 male
3591 5294 3727 5358 monui

2254 5416 2397 5465 sunt.
2454 5407 2647 5464 Oculos
2696 5407 2816 5463 lidei
2869 5409 3130 5480 interroga
3163 5427 3178 5464 :
3209 5407 3427 5464 Pretiosa
3463 5403 3507 5456 in
3529 5397 3724 5480 conrptfil

2255 5499 2492 5567 Domini,
2538 5517 2672 5555 more
2724 5509 3010 5554 sanctorum
3037 5476 3150 5571 eius
3180 5499 3344 5574 (Ρωι.
3383 5508 3504 5559 cxv,
3531 5485 3605 5550 lo.
3640 5476 3717 5544 ί⁵)’

2252 5658 2347 5770 n0;
2371 5654 2736 5760 uiatgdxen.
2749 5662 2857 5706 Iov.
2871 5646 2954 5704 hic
2965 5661 3016 5705 et
3040 5650 3239 5706 inferius
3260 5647 3414 5719 legunt
3433 5658 3511 5708 ter.
3525 5649 3626 5699 και
3637 5639 3711 5700 σοι

3093 5884 3146 5897 α-
