  <div class='ocr_page' id='page_1' title='image "/cluster/home/n/w/nwhite01/storage/ocr_20150623/40/uva.x000669811/346.png"; bbox 0 0 3860 6284; ppageno 0'>
   <div class='ocr_carea' id='block_1_1' title="bbox 21 314 2753 395">
    <p class='ocr_par' dir='ltr' id='par_1_1' title="bbox 21 314 2753 395">
     <span class='ocr_line' id='line_1_1' title="bbox 21 314 2753 395; baseline -0 -3"><span class='ocrx_word' id='word_1_1' title='bbox 21 336 93 392; x_wconf 71' lang='lat'><strong>517</strong></span> <span class='ocrx_word' id='word_1_2' title='bbox 380 330 483 385; x_wconf 68' lang='grc' dir='ltr'><strong>ωε</strong></span> <span class='ocrx_word' id='word_1_3' title='bbox 523 327 804 385; x_wconf 81' lang='lat' dir='ltr'><strong>CANTICO</strong></span> <span class='ocrx_word' id='word_1_4' title='bbox 842 314 1045 393; x_wconf 79' lang='lat' dir='ltr'><strong>NOVO,</strong></span> <span class='ocrx_word' id='word_1_5' title='bbox 1088 344 1237 395; x_wconf 63' lang='lat' dir='ltr'><strong>me,</strong></span> <span class='ocrx_word' id='word_1_6' title='bbox 1281 326 1339 382; x_wconf 84' lang='lat' dir='ltr'><strong>s.</strong></span> <span class='ocrx_word' id='word_1_7' title='bbox 1382 329 1743 385; x_wconf 82' lang='lat' dir='ltr'><strong>AUGUSTINI</strong></span> <span class='ocrx_word' id='word_1_8' title='bbox 1784 332 2011 387; x_wconf 78' lang='lat' dir='ltr'>SERMO</span> <span class='ocrx_word' id='word_1_9' title='bbox 2049 335 2139 386; x_wconf 79' lang='lat' dir='ltr'><strong>AD</strong></span> <span class='ocrx_word' id='word_1_10' title='bbox 2184 334 2753 391; x_wconf 59' lang='lat' dir='ltr'><strong>carecuuuexos.</strong></span> 
     </span>
    </p>
   </div>
   <div class='ocr_carea' id='block_1_2' title="bbox 21 442 1541 518">
    <p class='ocr_par' dir='ltr' id='par_1_2' title="bbox 21 442 1541 518">
     <span class='ocr_line' id='line_1_2' title="bbox 21 442 1541 518; baseline -0.004 -15"><span class='ocrx_word' id='word_1_11' title='bbox 21 447 230 518; x_wconf 72' lang='lat' dir='ltr'><strong>)uidquid</strong></span> <span class='ocrx_word' id='word_1_12' title='bbox 252 461 377 515; x_wconf 86' lang='lat' dir='ltr'><strong>ergo</strong></span> <span class='ocrx_word' id='word_1_13' title='bbox 403 455 487 500; x_wconf 86' lang='lat' dir='ltr'><strong>est</strong></span> <span class='ocrx_word' id='word_1_14' title='bbox 530 444 664 514; x_wconf 88' lang='lat' dir='ltr'><strong>quod</strong></span> <span class='ocrx_word' id='word_1_15' title='bbox 689 444 950 498; x_wconf 79' lang='lat' dir='ltr'><strong>exhorres</strong></span> <span class='ocrx_word' id='word_1_16' title='bbox 989 442 1044 496; x_wconf 92' lang='lat' dir='ltr'><strong>in</strong></span> <span class='ocrx_word' id='word_1_17' title='bbox 1088 452 1291 506; x_wconf 90' lang='lat' dir='ltr'><strong>morte,</strong></span> <span class='ocrx_word' id='word_1_18' title='bbox 1321 443 1541 497; x_wconf 83' lang='lat' dir='ltr'><strong>omnino</strong></span> 
     </span>
    </p>
   </div>
   <div class='ocr_carea' id='block_1_3' title="bbox 24 530 1542 602">
    <p class='ocr_par' dir='ltr' id='par_1_3' title="bbox 24 530 1542 602">
     <span class='ocr_line' id='line_1_3' title="bbox 24 530 1542 602; baseline -0.006 -8"><span class='ocrx_word' id='word_1_19' title='bbox 24 557 90 595; x_wconf 86' lang='grc' dir='ltr'>ιοιι</span> <span class='ocrx_word' id='word_1_20' title='bbox 108 536 411 601; x_wconf 80' lang='lat' dir='ltr'><strong>exborreas,</strong></span> <span class='ocrx_word' id='word_1_21' title='bbox 440 535 486 589; x_wconf 94' lang='lat' dir='ltr'><strong>si</strong></span> <span class='ocrx_word' id='word_1_22' title='bbox 514 550 601 588; x_wconf 89' lang='lat' dir='ltr'><strong>eos</strong></span> <span class='ocrx_word' id='word_1_23' title='bbox 632 534 874 587; x_wconf 88' lang='lat' dir='ltr'><strong>imitaris.</strong></span> <span class='ocrx_word' id='word_1_24' title='bbox 900 530 956 586; x_wconf 98' lang='lat' dir='ltr'><strong>Id</strong></span> <span class='ocrx_word' id='word_1_25' title='bbox 984 548 1115 602; x_wconf 91' lang='lat' dir='ltr'><strong>age,</strong></span> <span class='ocrx_word' id='word_1_26' title='bbox 1148 541 1204 585; x_wconf 91' lang='lat' dir='ltr'><strong>ut</strong></span> <span class='ocrx_word' id='word_1_27' title='bbox 1238 532 1431 585; x_wconf 83' lang='lat' dir='ltr'><strong>bonam</strong></span> <span class='ocrx_word' id='word_1_28' title='bbox 1459 532 1542 585; x_wconf 79' lang='lat' dir='ltr'><strong>vi-</strong></span> 
     </span>
    </p>
   </div>
   <div class='ocr_carea' id='block_1_4' title="bbox 22 623 1540 696">
    <p class='ocr_par' dir='ltr' id='par_1_4' title="bbox 22 623 1540 696">
     <span class='ocr_line' id='line_1_4' title="bbox 22 623 1540 696; baseline -0.003 -14"><span class='ocrx_word' id='word_1_29' title='bbox 22 647 88 683; x_wconf 78' lang='lat' dir='ltr'><strong>an]</strong></span> <span class='ocrx_word' id='word_1_30' title='bbox 131 628 348 691; x_wconf 78' lang='lat' dir='ltr'><strong>habeas;</strong></span> <span class='ocrx_word' id='word_1_31' title='bbox 373 636 429 681; x_wconf 92' lang='lat' dir='ltr'><strong>et</strong></span> <span class='ocrx_word' id='word_1_32' title='bbox 453 640 798 696; x_wconf 68' lang='lat' dir='ltr'><strong>quaecumque</strong></span> <span class='ocrx_word' id='word_1_33' title='bbox 842 625 1054 679; x_wconf 77' lang='lat' dir='ltr'><strong>occasio</strong></span> <span class='ocrx_word' id='word_1_34' title='bbox 1101 623 1341 678; x_wconf 76' lang='lat' dir='ltr'><strong>iueritnt</strong></span> <span class='ocrx_word' id='word_1_35' title='bbox 1378 637 1540 678; x_wconf 77' lang='lat' dir='ltr'><strong>exeas</strong></span> 
     </span>
    </p>
   </div>
   <div class='ocr_carea' id='block_1_5' title="bbox 22 714 1535 786">
    <p class='ocr_par' dir='ltr' id='par_1_5' title="bbox 22 714 1535 786">
     <span class='ocr_line' id='line_1_5' title="bbox 22 714 1535 786; baseline -0.004 -11"><span class='ocrx_word' id='word_1_36' title='bbox 22 721 57 775; x_wconf 89' lang='lat' dir='ltr'><strong>le</strong></span> <span class='ocrx_word' id='word_1_37' title='bbox 77 720 162 774; x_wconf 89' lang='lat' dir='ltr'><strong>hoc</strong></span> <span class='ocrx_word' id='word_1_38' title='bbox 184 732 401 786; x_wconf 86' lang='lat' dir='ltr'><strong>corpore</strong></span> <span class='ocrx_word' id='word_1_39' title='bbox 420 756 438 783; x_wconf 93' lang='lat'><strong>,</strong></span> <span class='ocrx_word' id='word_1_40' title='bbox 486 716 596 771; x_wconf 79' lang='lat' dir='ltr'><strong>exis</strong></span> <span class='ocrx_word' id='word_1_41' title='bbox 619 716 684 769; x_wconf 87' lang='lat' dir='ltr'><strong>ad</strong></span> <span class='ocrx_word' id='word_1_42' title='bbox 714 716 950 785; x_wconf 87' lang='lat' dir='ltr'><strong>requiem</strong></span> <span class='ocrx_word' id='word_1_43' title='bbox 970 756 983 777; x_wconf 91' lang='lat'><strong>,</strong></span> <span class='ocrx_word' id='word_1_44' title='bbox 1012 716 1127 769; x_wconf 79' lang='lat' dir='ltr'><strong>exis</strong></span> <span class='ocrx_word' id='word_1_45' title='bbox 1153 715 1218 768; x_wconf 91' lang='lat' dir='ltr'><strong>ad</strong></span> <span class='ocrx_word' id='word_1_46' title='bbox 1249 714 1535 769; x_wconf 87' lang='lat' dir='ltr'><strong>beatitudi-</strong></span> 
     </span>
    </p>
   </div>
   <div class='ocr_carea' id='block_1_6' title="bbox 22 804 1539 879">
    <p class='ocr_par' dir='ltr' id='par_1_6' title="bbox 22 804 1539 879">
     <span class='ocr_line' id='line_1_6' title="bbox 22 804 1539 879; baseline -0.003 -15"><span class='ocrx_word' id='word_1_47' title='bbox 22 826 125 873; x_wconf 76' lang='lat' dir='ltr'><strong>iem,</strong></span> <span class='ocrx_word' id='word_1_48' title='bbox 150 824 260 879; x_wconf 68' lang='lat' dir='ltr'><strong>qua:</strong></span> <span class='ocrx_word' id='word_1_49' title='bbox 282 822 388 862; x_wconf 91' lang='lat' dir='ltr'><strong>non</strong></span> <span class='ocrx_word' id='word_1_50' title='bbox 430 807 591 861; x_wconf 85' lang='lat' dir='ltr'><strong>habet</strong></span> <span class='ocrx_word' id='word_1_51' title='bbox 618 807 861 860; x_wconf 91' lang='lat' dir='ltr'><strong>timorem</strong></span> <span class='ocrx_word' id='word_1_52' title='bbox 899 820 998 861; x_wconf 88' lang='lat' dir='ltr'><strong>nec</strong></span> <span class='ocrx_word' id='word_1_53' title='bbox 1023 806 1202 859; x_wconf 78' lang='lat' dir='ltr'><strong>tinent.</strong></span> <span class='ocrx_word' id='word_1_54' title='bbox 1231 804 1362 859; x_wconf 88' lang='lat' dir='ltr'><strong>Nam</strong></span> <span class='ocrx_word' id='word_1_55' title='bbox 1390 806 1539 875; x_wconf 89' lang='lat' dir='ltr'><strong>quasi</strong></span> 
     </span>
    </p>
   </div>
   <div class='ocr_carea' id='block_1_7' title="bbox 22 895 1538 967">
    <p class='ocr_par' dir='ltr' id='par_1_7' title="bbox 22 895 1538 967">
     <span class='ocr_line' id='line_1_7' title="bbox 22 895 1538 967; baseline -0.001 -14"><span class='ocrx_word' id='word_1_56' title='bbox 22 916 109 955; x_wconf 71' lang='lat' dir='ltr'><strong>una</strong></span> <span class='ocrx_word' id='word_1_57' title='bbox 132 914 264 953; x_wconf 86' lang='lat' dir='ltr'><strong>mors</strong></span> <span class='ocrx_word' id='word_1_58' title='bbox 306 898 489 952; x_wconf 76' lang='lat' dir='ltr'><strong>divitis</strong></span> <span class='ocrx_word' id='word_1_59' title='bbox 536 897 585 951; x_wconf 90' lang='lat' dir='ltr'><strong>in</strong></span> <span class='ocrx_word' id='word_1_60' title='bbox 632 912 862 967; x_wconf 79' lang='lat' dir='ltr'><strong>purpura</strong></span> <span class='ocrx_word' id='word_1_61' title='bbox 907 907 960 951; x_wconf 91' lang='lat' dir='ltr'><strong>et</strong></span> <span class='ocrx_word' id='word_1_62' title='bbox 986 897 1145 966; x_wconf 82' lang='lat' dir='ltr'><strong>bysso</strong></span> <span class='ocrx_word' id='word_1_63' title='bbox 1196 914 1210 949; x_wconf 92' lang='lat'><strong>:</strong></span> <span class='ocrx_word' id='word_1_64' title='bbox 1267 895 1361 951; x_wconf 90' lang='lat' dir='ltr'><strong>sed</strong></span> <span class='ocrx_word' id='word_1_65' title='bbox 1401 896 1538 951; x_wconf 85' lang='lat' dir='ltr'><strong>mala</strong></span> 
     </span>
    </p>
   </div>
   <div class='ocr_carea' id='block_1_8' title="bbox 21 987 1535 1057">
    <p class='ocr_par' dir='ltr' id='par_1_8' title="bbox 21 987 1535 1057">
     <span class='ocr_line' id='line_1_8' title="bbox 21 987 1535 1057; baseline -0.003 -10"><span class='ocrx_word' id='word_1_66' title='bbox 21 1008 117 1047; x_wconf 81' lang='lat' dir='ltr'><strong>nors</strong></span> <span class='ocrx_word' id='word_1_67' title='bbox 136 991 350 1046; x_wconf 85' lang='lat' dir='ltr'><strong>sitientis</strong></span> <span class='ocrx_word' id='word_1_68' title='bbox 376 1000 429 1045; x_wconf 91' lang='lat' dir='ltr'><strong>et</strong></span> <span class='ocrx_word' id='word_1_69' title='bbox 471 991 610 1044; x_wconf 83' lang='lat' dir='ltr'><strong>inter</strong></span> <span class='ocrx_word' id='word_1_70' title='bbox 632 998 891 1043; x_wconf 83' lang='lat' dir='ltr'><strong>tormenta</strong></span> <span class='ocrx_word' id='word_1_71' title='bbox 922 995 1123 1057; x_wconf 86' lang='lat' dir='ltr'><strong>guttam</strong></span> <span class='ocrx_word' id='word_1_72' title='bbox 1147 1002 1298 1057; x_wconf 61' lang='lat' dir='ltr'><strong>aqua</strong></span> <span class='ocrx_word' id='word_1_73' title='bbox 1328 987 1535 1043; x_wconf 84' lang='lat' dir='ltr'><strong>deside-</strong></span> 
     </span>
    </p>
   </div>
   <div class='ocr_carea' id='block_1_9' title="bbox 22 1078 1539 1148">
    <p class='ocr_par' dir='ltr' id='par_1_9' title="bbox 22 1078 1539 1148">
     <span class='ocr_line' id='line_1_9' title="bbox 22 1078 1539 1148; baseline -0.002 -13"><span class='ocrx_word' id='word_1_74' title='bbox 22 1083 147 1137; x_wconf 76' lang='lat' dir='ltr'><strong>antis.</strong></span> <span class='ocrx_word' id='word_1_75' title='bbox 173 1080 323 1146; x_wconf 82' lang='lat' dir='ltr'><strong>Quasi</strong></span> <span class='ocrx_word' id='word_1_76' title='bbox 354 1080 500 1133; x_wconf 88' lang='lat' dir='ltr'><strong>mala</strong></span> <span class='ocrx_word' id='word_1_77' title='bbox 547 1094 690 1132; x_wconf 87' lang='lat' dir='ltr'><strong>mors</strong></span> <span class='ocrx_word' id='word_1_78' title='bbox 731 1079 958 1146; x_wconf 84' lang='lat' dir='ltr'><strong>jacentis</strong></span> <span class='ocrx_word' id='word_1_79' title='bbox 1003 1078 1250 1148; x_wconf 84' lang='lat' dir='ltr'><strong>pauperis</strong></span> <span class='ocrx_word' id='word_1_80' title='bbox 1292 1086 1418 1133; x_wconf 81' lang='lat' dir='ltr'><strong>ante</strong></span> <span class='ocrx_word' id='word_1_81' title='bbox 1458 1078 1539 1146; x_wconf 85' lang='lat' dir='ltr'><strong>ja-</strong></span> 
     </span>
    </p>
   </div>
   <div class='ocr_carea' id='block_1_10' title="bbox 22 1166 1539 1237">
    <p class='ocr_par' dir='ltr' id='par_1_10' title="bbox 22 1166 1539 1237">
     <span class='ocr_line' id='line_1_10' title="bbox 22 1166 1539 1237; baseline -0.002 -12"><span class='ocrx_word' id='word_1_82' title='bbox 22 1190 126 1227; x_wconf 78' lang='lat' dir='ltr'><strong>ruam</strong></span> <span class='ocrx_word' id='word_1_83' title='bbox 165 1172 366 1234; x_wconf 83' lang='lat' dir='ltr'><strong>divitis,</strong></span> <span class='ocrx_word' id='word_1_84' title='bbox 414 1171 559 1224; x_wconf 89' lang='lat' dir='ltr'><strong>inter</strong></span> <span class='ocrx_word' id='word_1_85' title='bbox 605 1170 811 1237; x_wconf 75' lang='lat' dir='ltr'><strong>linguas</strong></span> <span class='ocrx_word' id='word_1_86' title='bbox 838 1184 1063 1231; x_wconf 89' lang='lat' dir='ltr'><strong>canum,</strong></span> <span class='ocrx_word' id='word_1_87' title='bbox 1116 1168 1168 1221; x_wconf 93' lang='lat' dir='ltr'><strong>in</strong></span> <span class='ocrx_word' id='word_1_88' title='bbox 1201 1166 1339 1223; x_wconf 80' lang='lat' dir='ltr'><strong>fame</strong></span> <span class='ocrx_word' id='word_1_89' title='bbox 1369 1176 1423 1222; x_wconf 91' lang='lat' dir='ltr'><strong>et</strong></span> <span class='ocrx_word' id='word_1_90' title='bbox 1450 1168 1539 1222; x_wconf 82' lang='lat' dir='ltr'><strong>siti</strong></span> 
     </span>
    </p>
   </div>
   <div class='ocr_carea' id='block_1_11' title="bbox 22 1260 1542 1325">
    <p class='ocr_par' dir='ltr' id='par_1_11' title="bbox 22 1260 1542 1325">
     <span class='ocr_line' id='line_1_11' title="bbox 22 1260 1542 1325; baseline -0.003 -8"><span class='ocrx_word' id='word_1_91' title='bbox 22 1266 131 1317; x_wconf 84' lang='lat' dir='ltr'><strong>nicas</strong></span> <span class='ocrx_word' id='word_1_92' title='bbox 151 1263 212 1317; x_wconf 87' lang='lat' dir='ltr'><strong>de</strong></span> <span class='ocrx_word' id='word_1_93' title='bbox 234 1277 416 1316; x_wconf 87' lang='lat' dir='ltr'><strong>mensa</strong></span> <span class='ocrx_word' id='word_1_94' title='bbox 461 1261 818 1315; x_wconf 78' lang='lat' dir='ltr'><strong>desiderantis</strong></span> <span class='ocrx_word' id='word_1_95' title='bbox 854 1277 867 1313; x_wconf 87' lang='lat'>:</span> <span class='ocrx_word' id='word_1_96' title='bbox 901 1260 1038 1313; x_wconf 88' lang='lat' dir='ltr'><strong>mala</strong></span> <span class='ocrx_word' id='word_1_97' title='bbox 1083 1273 1263 1325; x_wconf 88' lang='lat' dir='ltr'><strong>mors,</strong></span> <span class='ocrx_word' id='word_1_98' title='bbox 1291 1273 1542 1313; x_wconf 86' lang='lat' dir='ltr'><strong>aversan-</strong></span> 
     </span>
    </p>
   </div>
   <div class='ocr_carea' id='block_1_12' title="bbox 25 1350 1543 1418">
    <p class='ocr_par' dir='ltr' id='par_1_12' title="bbox 25 1350 1543 1418">
     <span class='ocr_line' id='line_1_12' title="bbox 25 1350 1543 1418; baseline -0.002 -12"><span class='ocrx_word' id='word_1_99' title='bbox 25 1355 58 1407; x_wconf 83' lang='lat' dir='ltr'><strong>Ia</strong></span> <span class='ocrx_word' id='word_1_100' title='bbox 80 1368 213 1407; x_wconf 85' lang='lat' dir='ltr'><strong>mors.</strong></span> <span class='ocrx_word' id='word_1_101' title='bbox 245 1352 434 1406; x_wconf 82' lang='lat' dir='ltr'><strong>Finem</strong></span> <span class='ocrx_word' id='word_1_102' title='bbox 489 1354 698 1418; x_wconf 78' lang='lat' dir='ltr'><strong>reSpiee</strong></span> <span class='ocrx_word' id='word_1_103' title='bbox 734 1370 745 1403; x_wconf 92' lang='lat'>:</span> <span class='ocrx_word' id='word_1_104' title='bbox 775 1351 1096 1405; x_wconf 80' lang='lat' dir='ltr'><strong>Christianus</strong></span> <span class='ocrx_word' id='word_1_105' title='bbox 1121 1365 1181 1405; x_wconf 88' lang='lat' dir='ltr'><strong>es</strong></span> <span class='ocrx_word' id='word_1_106' title='bbox 1200 1392 1215 1416; x_wconf 93' lang='lat'><strong>,</strong></span> <span class='ocrx_word' id='word_1_107' title='bbox 1265 1350 1386 1405; x_wconf 80' lang='lat' dir='ltr'><strong>ﬁdei</strong></span> <span class='ocrx_word' id='word_1_108' title='bbox 1413 1365 1543 1405; x_wconf 89' lang='lat' dir='ltr'><strong>ocu-</strong></span> 
     </span>
    </p>
   </div>
   <div class='ocr_carea' id='block_1_13' title="bbox 21 1440 1542 1514">
    <p class='ocr_par' dir='ltr' id='par_1_13' title="bbox 21 1440 1542 1514">
     <span class='ocr_line' id='line_1_13' title="bbox 21 1440 1542 1514; baseline -0.002 -16"><span class='ocrx_word' id='word_1_109' title='bbox 21 1448 93 1499; x_wconf 80' lang='lat' dir='ltr'><strong>lum</strong></span> <span class='ocrx_word' id='word_1_110' title='bbox 126 1446 338 1499; x_wconf 83' lang='lat' dir='ltr'><strong>intende.</strong></span> <span class='ocrx_word' id='word_1_111' title='bbox 383 1443 612 1514; x_wconf 85' lang='lat' dir='ltr'><strong>Contigit</strong></span> <span class='ocrx_word' id='word_1_112' title='bbox 653 1445 781 1496; x_wconf 86' lang='lat' dir='ltr'><strong>mori</strong></span> <span class='ocrx_word' id='word_1_113' title='bbox 820 1444 1027 1511; x_wconf 79' lang='lat' dir='ltr'><strong>inopem</strong></span> <span class='ocrx_word' id='word_1_114' title='bbox 1073 1442 1220 1495; x_wconf 86' lang='lat' dir='ltr'><strong>illum</strong></span> <span class='ocrx_word' id='word_1_115' title='bbox 1244 1481 1259 1507; x_wconf 89' lang='lat'><strong>,</strong></span> <span class='ocrx_word' id='word_1_116' title='bbox 1290 1451 1337 1495; x_wconf 86' lang='lat' dir='ltr'><strong>et</strong></span> <span class='ocrx_word' id='word_1_117' title='bbox 1372 1440 1542 1507; x_wconf 67' lang='grc' dir='ltr'><em>επεννὲ</em></span> 
     </span>
    </p>
   </div>
   <div class='ocr_carea' id='block_1_14' title="bbox 24 1531 1542 1605">
    <p class='ocr_par' dir='ltr' id='par_1_14' title="bbox 24 1531 1542 1605">
     <span class='ocr_line' id='line_1_14' title="bbox 24 1531 1542 1605; baseline -0.001 -18"><span class='ocrx_word' id='word_1_118' title='bbox 24 1538 69 1587; x_wconf 79' lang='lat' dir='ltr'><strong>ab</strong></span> <span class='ocrx_word' id='word_1_119' title='bbox 90 1536 237 1605; x_wconf 66' lang='lat' dir='ltr'><strong>Angelis</strong></span> <span class='ocrx_word' id='word_1_120' title='bbox 264 1536 314 1587; x_wconf 90' lang='lat' dir='ltr'><strong>in</strong></span> <span class='ocrx_word' id='word_1_121' title='bbox 338 1535 517 1587; x_wconf 85' lang='lat' dir='ltr'><strong>sinum</strong></span> <span class='ocrx_word' id='word_1_122' title='bbox 542 1534 783 1587; x_wconf 78' lang='lat' dir='ltr'><strong>Abrahae.</strong></span> <span class='ocrx_word' id='word_1_123' title='bbox 826 1532 961 1600; x_wconf 83' lang='lat' dir='ltr'><strong>Quid</strong></span> <span class='ocrx_word' id='word_1_124' title='bbox 995 1531 1245 1601; x_wconf 82' lang='lat' dir='ltr'><strong>proderat</strong></span> <span class='ocrx_word' id='word_1_125' title='bbox 1272 1531 1421 1585; x_wconf 90' lang='lat' dir='ltr'><strong>diviti</strong></span> <span class='ocrx_word' id='word_1_126' title='bbox 1456 1546 1542 1585; x_wconf 87' lang='lat' dir='ltr'><strong>se-</strong></span> 
     </span>
    </p>
   </div>
   <div class='ocr_carea' id='block_1_15' title="bbox 30 1621 1537 1694">
    <p class='ocr_par' dir='ltr' id='par_1_15' title="bbox 30 1621 1537 1694">
     <span class='ocr_line' id='line_1_15' title="bbox 30 1621 1537 1694; baseline 0.001 -19"><span class='ocrx_word' id='word_1_127' title='bbox 30 1628 191 1694; x_wconf 74' lang='lat' dir='ltr'><strong>pulcrum</strong></span> <span class='ocrx_word' id='word_1_128' title='bbox 245 1639 614 1679; x_wconf 89' lang='lat' dir='ltr'><strong>marmoreum</strong></span> <span class='ocrx_word' id='word_1_129' title='bbox 666 1624 867 1678; x_wconf 78' lang='lat' dir='ltr'><strong>sitienti</strong></span> <span class='ocrx_word' id='word_1_130' title='bbox 922 1622 1060 1691; x_wconf 89' lang='lat' dir='ltr'><strong>apud</strong></span> <span class='ocrx_word' id='word_1_131' title='bbox 1106 1622 1338 1677; x_wconf 79' lang='lat' dir='ltr'><strong>inferos?</strong></span> <span class='ocrx_word' id='word_1_132' title='bbox 1398 1621 1537 1688; x_wconf 85' lang='lat' dir='ltr'><strong>Quid</strong></span> 
     </span>
    </p>
   </div>
   <div class='ocr_carea' id='block_1_16' title="bbox 24 1712 1510 1785">
    <p class='ocr_par' dir='ltr' id='par_1_16' title="bbox 24 1712 1510 1785">
     <span class='ocr_line' id='line_1_16' title="bbox 24 1712 1510 1785; baseline 0 -18"><span class='ocrx_word' id='word_1_133' title='bbox 24 1717 179 1769; x_wconf 64' lang='lat' dir='ltr'><strong>«lerant</strong></span> <span class='ocrx_word' id='word_1_134' title='bbox 210 1716 426 1785; x_wconf 82' lang='lat' dir='ltr'><strong>pauperi</strong></span> <span class='ocrx_word' id='word_1_135' title='bbox 462 1715 624 1783; x_wconf 88' lang='lat' dir='ltr'><strong>panni</strong></span> <span class='ocrx_word' id='word_1_136' title='bbox 668 1728 788 1767; x_wconf 93' lang='lat' dir='ltr'><strong>cum</strong></span> <span class='ocrx_word' id='word_1_137' title='bbox 830 1712 977 1767; x_wconf 89' lang='lat' dir='ltr'><strong>sanie</strong></span> <span class='ocrx_word' id='word_1_138' title='bbox 1019 1713 1252 1767; x_wconf 89' lang='lat' dir='ltr'><strong>ulcerum</strong></span> <span class='ocrx_word' id='word_1_139' title='bbox 1272 1712 1424 1781; x_wconf 85' lang='lat' dir='ltr'><strong>ejus,</strong></span> <span class='ocrx_word' id='word_1_140' title='bbox 1451 1726 1510 1767; x_wconf 88' lang='lat' dir='ltr'><strong>re</strong></span> 
     </span>
    </p>
   </div>
   <div class='ocr_carea' id='block_1_17' title="bbox 21 1803 1544 1875">
    <p class='ocr_par' dir='ltr' id='par_1_17' title="bbox 21 1803 1544 1875">
     <span class='ocr_line' id='line_1_17' title="bbox 21 1803 1544 1875; baseline 0 -15"><span class='ocrx_word' id='word_1_141' title='bbox 21 1808 245 1875; x_wconf 76' lang='lat' dir='ltr'><strong>quiescenti</strong></span> <span class='ocrx_word' id='word_1_142' title='bbox 282 1808 331 1859; x_wconf 92' lang='lat' dir='ltr'><strong>in</strong></span> <span class='ocrx_word' id='word_1_143' title='bbox 359 1806 785 1875; x_wconf 23' lang='lat' dir='ltr'><strong>sinu‘Abraha‘?</strong></span> <span class='ocrx_word' id='word_1_144' title='bbox 818 1805 997 1875; x_wconf 81' lang='lat' dir='ltr'><strong>Longe</strong></span> <span class='ocrx_word' id='word_1_145' title='bbox 1022 1804 1148 1859; x_wconf 84' lang='lat' dir='ltr'><strong>vidit</strong></span> <span class='ocrx_word' id='word_1_146' title='bbox 1178 1820 1299 1859; x_wconf 92' lang='lat' dir='ltr'><strong>eum</strong></span> <span class='ocrx_word' id='word_1_147' title='bbox 1334 1803 1544 1873; x_wconf 83' lang='lat' dir='ltr'><strong>requie-</strong></span> 
     </span>
    </p>
   </div>
   <div class='ocr_carea' id='block_1_18' title="bbox 22 1894 1538 1968">
    <p class='ocr_par' dir='ltr' id='par_1_18' title="bbox 22 1894 1538 1968">
     <span class='ocr_line' id='line_1_18' title="bbox 22 1894 1538 1968; baseline -0.002 -17"><span class='ocrx_word' id='word_1_148' title='bbox 22 1908 229 1961; x_wconf 71' lang='lat' dir='ltr'><strong>teentem,</strong></span> <span class='ocrx_word' id='word_1_149' title='bbox 259 1912 421 1968; x_wconf 88' lang='lat' dir='ltr'><strong>quem</strong></span> <span class='ocrx_word' id='word_1_150' title='bbox 469 1906 870 1965; x_wconf 82' lang='lat' dir='ltr'><strong>contempserat</strong></span> <span class='ocrx_word' id='word_1_151' title='bbox 912 1895 1179 1963; x_wconf 83' lang='lat' dir='ltr'><strong>jacentem</strong></span> <span class='ocrx_word' id='word_1_152' title='bbox 1225 1894 1373 1964; x_wconf 85' lang='lat' dir='ltr'><strong>(Luc.</strong></span> <span class='ocrx_word' id='word_1_153' title='bbox 1406 1910 1538 1961; x_wconf 79' lang='lat' dir='ltr'><strong>xvr,</strong></span> 
     </span>
    </p>
   </div>
   <div class='ocr_carea' id='block_1_19' title="bbox 22 1986 1542 2057">
    <p class='ocr_par' dir='ltr' id='par_1_19' title="bbox 22 1986 1542 2057">
     <span class='ocr_line' id='line_1_19' title="bbox 22 1986 1542 2057; baseline 0.001 -16"><span class='ocrx_word' id='word_1_154' title='bbox 22 1988 161 2057; x_wconf 55' lang='lat'><strong>4924).</strong></span> <span class='ocrx_word' id='word_1_155' title='bbox 208 1988 353 2042; x_wconf 81' lang='lat' dir='ltr'><strong>Modo</strong></span> <span class='ocrx_word' id='word_1_156' title='bbox 393 1988 535 2057; x_wconf 83' lang='lat' dir='ltr'><strong>elige</strong></span> <span class='ocrx_word' id='word_1_157' title='bbox 580 1998 806 2041; x_wconf 91' lang='lat' dir='ltr'><strong>mortem</strong></span> <span class='ocrx_word' id='word_1_158' title='bbox 850 2004 863 2039; x_wconf 93' lang='lat'>:</span> <span class='ocrx_word' id='word_1_159' title='bbox 914 1986 999 2039; x_wconf 91' lang='lat' dir='ltr'><strong>dic</strong></span> <span class='ocrx_word' id='word_1_160' title='bbox 1035 1986 1194 2049; x_wconf 89' lang='lat' dir='ltr'><strong>mihi,</strong></span> <span class='ocrx_word' id='word_1_161' title='bbox 1239 1986 1357 2055; x_wconf 87' lang='lat' dir='ltr'><strong>quis</strong></span> <span class='ocrx_word' id='word_1_162' title='bbox 1404 1986 1542 2042; x_wconf 84' lang='lat' dir='ltr'><strong>bene</strong></span> 
     </span>
    </p>
   </div>
   <div class='ocr_carea' id='block_1_20' title="bbox 25 2076 1542 2149">
    <p class='ocr_par' dir='ltr' id='par_1_20' title="bbox 25 2076 1542 2149">
     <span class='ocr_line' id='line_1_20' title="bbox 25 2076 1542 2149; baseline 0 -18"><span class='ocrx_word' id='word_1_163' title='bbox 25 2090 200 2133; x_wconf 70' lang='lat' dir='ltr'><strong>uicimus</strong></span> <span class='ocrx_word' id='word_1_164' title='bbox 223 2088 299 2133; x_wconf 89' lang='lat' dir='ltr'><strong>est</strong></span> <span class='ocrx_word' id='word_1_165' title='bbox 320 2120 335 2143; x_wconf 88' lang='lat'><strong>,</strong></span> <span class='ocrx_word' id='word_1_166' title='bbox 365 2078 491 2149; x_wconf 84' lang='lat' dir='ltr'><strong>quis</strong></span> <span class='ocrx_word' id='word_1_167' title='bbox 518 2078 694 2132; x_wconf 86' lang='lat' dir='ltr'><strong>male?</strong></span> <span class='ocrx_word' id='word_1_168' title='bbox 736 2077 870 2131; x_wconf 85' lang='lat' dir='ltr'><strong>Puto</strong></span> <span class='ocrx_word' id='word_1_169' title='bbox 903 2077 1022 2145; x_wconf 85' lang='lat' dir='ltr'><strong>quia</strong></span> <span class='ocrx_word' id='word_1_170' title='bbox 1056 2076 1246 2131; x_wconf 86' lang='lat' dir='ltr'><strong>melius</strong></span> <span class='ocrx_word' id='word_1_171' title='bbox 1277 2076 1368 2131; x_wconf 91' lang='lat' dir='ltr'><strong>ille</strong></span> <span class='ocrx_word' id='word_1_172' title='bbox 1407 2091 1542 2146; x_wconf 87' lang='lat' dir='ltr'><strong>pau-</strong></span> 
     </span>
    </p>
   </div>
   <div class='ocr_carea' id='block_1_21' title="bbox 23 2165 1539 2237">
    <p class='ocr_par' dir='ltr' id='par_1_21' title="bbox 23 2165 1539 2237">
     <span class='ocr_line' id='line_1_21' title="bbox 23 2165 1539 2237; baseline 0 -18"><span class='ocrx_word' id='word_1_173' title='bbox 23 2183 111 2233; x_wconf 80' lang='lat' dir='ltr'><strong>per,</strong></span> <span class='ocrx_word' id='word_1_174' title='bbox 150 2183 283 2237; x_wconf 86' lang='lat' dir='ltr'><strong>quam</strong></span> <span class='ocrx_word' id='word_1_175' title='bbox 329 2167 419 2221; x_wconf 87' lang='lat' dir='ltr'><strong>ille</strong></span> <span class='ocrx_word' id='word_1_176' title='bbox 451 2166 633 2221; x_wconf 83' lang='lat' dir='ltr'><strong>dives.</strong></span> <span class='ocrx_word' id='word_1_177' title='bbox 687 2169 765 2219; x_wconf 81' lang='lat' dir='ltr'><strong>An</strong></span> <span class='ocrx_word' id='word_1_178' title='bbox 808 2166 888 2219; x_wconf 85' lang='lat' dir='ltr'><strong>vis</strong></span> <span class='ocrx_word' id='word_1_179' title='bbox 933 2165 1261 2220; x_wconf 88' lang='lat' dir='ltr'><strong>aromatibus</strong></span> <span class='ocrx_word' id='word_1_180' title='bbox 1291 2165 1539 2236; x_wconf 87' lang='lat' dir='ltr'><strong>sepeliri,</strong></span> 
     </span>
    </p>
   </div>
   <div class='ocr_carea' id='block_1_22' title="bbox 25 2256 1529 2328">
    <p class='ocr_par' dir='ltr' id='par_1_22' title="bbox 25 2256 1529 2328">
     <span class='ocr_line' id='line_1_22' title="bbox 25 2256 1529 2328; baseline 0.001 -19"><span class='ocrx_word' id='word_1_181' title='bbox 25 2269 67 2310; x_wconf 77' lang='lat' dir='ltr'><strong>et</strong></span> <span class='ocrx_word' id='word_1_182' title='bbox 100 2257 206 2328; x_wconf 76' lang='lat' dir='ltr'><strong>apud</strong></span> <span class='ocrx_word' id='word_1_183' title='bbox 243 2256 440 2312; x_wconf 77' lang='lat' dir='ltr'><strong>inferos</strong></span> <span class='ocrx_word' id='word_1_184' title='bbox 485 2258 676 2312; x_wconf 87' lang='lat' dir='ltr'><strong>sitire?</strong></span> <span class='ocrx_word' id='word_1_185' title='bbox 718 2256 1029 2326; x_wconf 81' lang='lat' dir='ltr'><strong>Respondes</strong></span> <span class='ocrx_word' id='word_1_186' title='bbox 1074 2275 1089 2311; x_wconf 90' lang='lat'><strong>:</strong></span> <span class='ocrx_word' id='word_1_187' title='bbox 1141 2256 1291 2311; x_wconf 81' lang='lat' dir='ltr'><strong>Absit</strong></span> <span class='ocrx_word' id='word_1_188' title='bbox 1342 2272 1373 2311; x_wconf 90' lang='lat' dir='ltr'><strong>a</strong></span> <span class='ocrx_word' id='word_1_189' title='bbox 1422 2272 1529 2312; x_wconf 86' lang='lat' dir='ltr'><strong>me.</strong></span> 
     </span>
    </p>
   </div>
   <div class='ocr_carea' id='block_1_23' title="bbox 29 2348 1543 2419">
    <p class='ocr_par' dir='ltr' id='par_1_23' title="bbox 29 2348 1543 2419">
     <span class='ocr_line' id='line_1_23' title="bbox 29 2348 1543 2419; baseline 0.003 -20"><span class='ocrx_word' id='word_1_190' title='bbox 29 2348 131 2403; x_wconf 82' lang='lat' dir='ltr'><strong>Puto</strong></span> <span class='ocrx_word' id='word_1_191' title='bbox 149 2350 257 2419; x_wconf 86' lang='lat' dir='ltr'><strong>quod</strong></span> <span class='ocrx_word' id='word_1_192' title='bbox 297 2350 399 2405; x_wconf 87' lang='lat' dir='ltr'><strong>hoc</strong></span> <span class='ocrx_word' id='word_1_193' title='bbox 421 2351 598 2405; x_wconf 84' lang='lat' dir='ltr'><strong>dices.</strong></span> <span class='ocrx_word' id='word_1_194' title='bbox 631 2351 816 2405; x_wconf 86' lang='lat' dir='ltr'><strong>Disces</strong></span> <span class='ocrx_word' id='word_1_195' title='bbox 858 2365 986 2419; x_wconf 86' lang='lat' dir='ltr'><strong>ergo</strong></span> <span class='ocrx_word' id='word_1_196' title='bbox 1015 2350 1150 2405; x_wconf 88' lang='lat' dir='ltr'><strong>bene</strong></span> <span class='ocrx_word' id='word_1_197' title='bbox 1189 2350 1360 2415; x_wconf 90' lang='lat' dir='ltr'><strong>mori,</strong></span> <span class='ocrx_word' id='word_1_198' title='bbox 1387 2350 1429 2403; x_wconf 92' lang='lat' dir='ltr'><strong>si</strong></span> <span class='ocrx_word' id='word_1_199' title='bbox 1457 2350 1543 2404; x_wconf 83' lang='lat' dir='ltr'><strong>di-</strong></span> 
     </span>
    </p>
   </div>
   <div class='ocr_carea' id='block_1_24' title="bbox 28 2438 1543 2506">
    <p class='ocr_par' dir='ltr' id='par_1_24' title="bbox 28 2438 1543 2506">
     <span class='ocr_line' id='line_1_24' title="bbox 28 2438 1543 2506; baseline 0.003 -16"><span class='ocrx_word' id='word_1_200' title='bbox 28 2438 285 2496; x_wconf 76' lang='lat' dir='ltr'><strong>dicerisbene</strong></span> <span class='ocrx_word' id='word_1_201' title='bbox 324 2441 532 2496; x_wconf 83' lang='lat' dir='ltr'><strong>vivere.</strong></span> <span class='ocrx_word' id='word_1_202' title='bbox 578 2441 781 2495; x_wconf 77' lang='lat' dir='ltr'><strong>Merces</strong></span> <span class='ocrx_word' id='word_1_203' title='bbox 814 2441 954 2495; x_wconf 89' lang='lat' dir='ltr'><strong>enim</strong></span> <span class='ocrx_word' id='word_1_204' title='bbox 992 2440 1143 2495; x_wconf 73' lang='lat' dir='ltr'><strong>bonae</strong></span> <span class='ocrx_word' id='word_1_205' title='bbox 1186 2441 1543 2506; x_wconf 66' lang='lat' dir='ltr'><strong>vitae,teterna</strong></span> 
     </span>
    </p>
   </div>
   <div class='ocr_carea' id='block_1_25' title="bbox 26 2540 96 2584">
    <p class='ocr_par' dir='ltr' id='par_1_25' title="bbox 26 2540 96 2584">
     <span class='ocr_line' id='line_1_25' title="bbox 26 2540 96 2584; baseline -0.014 0"><span class='ocrx_word' id='word_1_206' title='bbox 26 2540 96 2584; x_wconf 64' lang='grc' dir='ltr'>εει</span> 
     </span>
    </p>
   </div>
   <div class='ocr_carea' id='block_1_26' title="bbox 76 2621 1541 2688">
    <p class='ocr_par' dir='ltr' id='par_1_26' title="bbox 76 2621 1541 2688">
     <span class='ocr_line' id='line_1_26' title="bbox 76 2621 1541 2688; baseline -0.001 -12"><span class='ocrx_word' id='word_1_207' title='bbox 76 2621 249 2679; x_wconf 75' lang='lat' dir='ltr'><strong>CAPUT</strong></span> <span class='ocrx_word' id='word_1_208' title='bbox 283 2622 420 2678; x_wconf 81' lang='lat' dir='ltr'><strong>XIII.</strong></span> <span class='ocrx_word' id='word_1_209' title='bbox 451 2655 527 2665; x_wconf 89' lang='lat'><strong>—</strong></span> <span class='ocrx_word' id='word_1_210' title='bbox 556 2623 647 2679; x_wconf 73' lang='lat' dir='ltr'><strong>M.</strong></span> <span class='ocrx_word' id='word_1_211' title='bbox 674 2623 938 2677; x_wconf 71' lang='lat' dir='ltr'><strong>Auditores</strong></span> <span class='ocrx_word' id='word_1_212' title='bbox 985 2623 1117 2676; x_wconf 83' lang='lat' dir='ltr'><strong>verbi</strong></span> <span class='ocrx_word' id='word_1_213' title='bbox 1147 2622 1236 2675; x_wconf 86' lang='lat' dir='ltr'><strong>alii</strong></span> <span class='ocrx_word' id='word_1_214' title='bbox 1259 2622 1506 2675; x_wconf 74' lang='lat' dir='ltr'><strong>discentes</strong></span> <span class='ocrx_word' id='word_1_215' title='bbox 1526 2662 1541 2688; x_wconf 95' lang='lat'><strong>,</strong></span> 
     </span>
    </p>
   </div>
   <div class='ocr_carea' id='block_1_27' title="bbox 38 2713 1539 2785">
    <p class='ocr_par' dir='ltr' id='par_1_27' title="bbox 38 2713 1539 2785">
     <span class='ocr_line' id='line_1_27' title="bbox 38 2713 1539 2785; baseline 0.003 -24"><span class='ocrx_word' id='word_1_216' title='bbox 38 2715 90 2763; x_wconf 71' lang='lat' dir='ltr'><strong>alii</strong></span> <span class='ocrx_word' id='word_1_217' title='bbox 118 2729 225 2767; x_wconf 71' lang='lat' dir='ltr'><strong>mare</strong></span> <span class='ocrx_word' id='word_1_218' title='bbox 261 2717 588 2785; x_wconf 68' lang='lat' dir='ltr'><strong>excipientes.</strong></span> <span class='ocrx_word' id='word_1_219' title='bbox 630 2714 730 2782; x_wconf 85' lang='lat' dir='ltr'><strong>Qui</strong></span> <span class='ocrx_word' id='word_1_220' title='bbox 769 2714 1013 2778; x_wconf 88' lang='lat' dir='ltr'><strong>discunt,</strong></span> <span class='ocrx_word' id='word_1_221' title='bbox 1056 2713 1330 2767; x_wconf 85' lang='lat' dir='ltr'><strong>christiani</strong></span> <span class='ocrx_word' id='word_1_222' title='bbox 1375 2723 1539 2766; x_wconf 87' lang='lat' dir='ltr'><strong>sunt:</strong></span> 
     </span>
    </p>
   </div>
   <div class='ocr_carea' id='block_1_28' title="bbox 41 2808 1543 2883">
    <p class='ocr_par' dir='ltr' id='par_1_28' title="bbox 41 2808 1543 2883">
     <span class='ocr_line' id='line_1_28' title="bbox 41 2808 1543 2883; baseline 0.003 -24"><span class='ocrx_word' id='word_1_223' title='bbox 41 2808 287 2873; x_wconf 59' lang='lat' dir='ltr'><strong>maudiunt</strong></span> <span class='ocrx_word' id='word_1_224' title='bbox 331 2820 520 2866; x_wconf 87' lang='lat' dir='ltr'><strong>etnon</strong></span> <span class='ocrx_word' id='word_1_225' title='bbox 574 2810 820 2876; x_wconf 86' lang='lat' dir='ltr'><strong>discunt,</strong></span> <span class='ocrx_word' id='word_1_226' title='bbox 876 2809 1001 2880; x_wconf 90' lang='lat' dir='ltr'><strong>quid</strong></span> <span class='ocrx_word' id='word_1_227' title='bbox 1034 2810 1105 2883; x_wconf 84' lang='lat' dir='ltr'><strong>ad</strong></span> <span class='ocrx_word' id='word_1_228' title='bbox 1158 2809 1543 2865; x_wconf 84' lang='lat' dir='ltr'><strong>semiuantem?</strong></span> 
     </span>
    </p>
   </div>
   <div class='ocr_carea' id='block_1_29' title="bbox 30 2896 1547 2969">
    <p class='ocr_par' dir='ltr' id='par_1_29' title="bbox 30 2896 1547 2969">
     <span class='ocr_line' id='line_1_29' title="bbox 30 2896 1547 2969; baseline 0.002 -20"><span class='ocrx_word' id='word_1_229' title='bbox 30 2896 281 2955; x_wconf 64' lang='lat' dir='ltr'><strong>Seminantis</strong></span> <span class='ocrx_word' id='word_1_230' title='bbox 307 2917 521 2956; x_wconf 89' lang='lat' dir='ltr'><strong>manum</strong></span> <span class='ocrx_word' id='word_1_231' title='bbox 561 2917 668 2955; x_wconf 88' lang='lat' dir='ltr'><strong>non</strong></span> <span class='ocrx_word' id='word_1_232' title='bbox 699 2909 861 2955; x_wconf 93' lang='lat' dir='ltr'><strong>terret</strong></span> <span class='ocrx_word' id='word_1_233' title='bbox 885 2901 998 2964; x_wconf 89' lang='lat' dir='ltr'><strong>via,</strong></span> <span class='ocrx_word' id='word_1_234' title='bbox 1044 2916 1149 2954; x_wconf 90' lang='lat' dir='ltr'><strong>non</strong></span> <span class='ocrx_word' id='word_1_235' title='bbox 1181 2909 1381 2954; x_wconf 87' lang='lat' dir='ltr'><strong>terrent</strong></span> <span class='ocrx_word' id='word_1_236' title='bbox 1412 2900 1547 2969; x_wconf 83' lang='lat' dir='ltr'><strong>lapi-</strong></span> 
     </span>
    </p>
   </div>
   <div class='ocr_carea' id='block_1_30' title="bbox 37 2990 1546 3063">
    <p class='ocr_par' dir='ltr' id='par_1_30' title="bbox 37 2990 1546 3063">
     <span class='ocr_line' id='line_1_30' title="bbox 37 2990 1546 3063; baseline -0.001 -19"><span class='ocrx_word' id='word_1_237' title='bbox 37 2990 222 3051; x_wconf 47' lang='lat' dir='ltr'><strong>isnon</strong></span> <span class='ocrx_word' id='word_1_238' title='bbox 246 2994 407 3061; x_wconf 66' lang='lat' dir='ltr'><strong>spinae</strong></span> <span class='ocrx_word' id='word_1_239' title='bbox 459 3012 472 3048; x_wconf 89' lang='lat'><strong>:</strong></span> <span class='ocrx_word' id='word_1_240' title='bbox 513 2993 686 3063; x_wconf 87' lang='lat' dir='ltr'><strong>jactat</strong></span> <span class='ocrx_word' id='word_1_241' title='bbox 723 2993 808 3046; x_wconf 90' lang='lat' dir='ltr'><strong>ille</strong></span> <span class='ocrx_word' id='word_1_242' title='bbox 850 2992 989 3062; x_wconf 89' lang='lat' dir='ltr'><strong>quod</strong></span> <span class='ocrx_word' id='word_1_243' title='bbox 1037 3006 1189 3045; x_wconf 89' lang='lat' dir='ltr'><strong>suum</strong></span> <span class='ocrx_word' id='word_1_244' title='bbox 1217 3002 1318 3045; x_wconf 88' lang='lat' dir='ltr'><strong>est.</strong></span> <span class='ocrx_word' id='word_1_245' title='bbox 1343 2990 1444 3059; x_wconf 90' lang='lat' dir='ltr'><strong>Qui</strong></span> <span class='ocrx_word' id='word_1_246' title='bbox 1477 2992 1546 3044; x_wconf 80' lang='lat' dir='ltr'><strong>ti-</strong></span> 
     </span>
    </p>
   </div>
   <div class='ocr_carea' id='block_1_31' title="bbox 32 3081 1542 3152">
    <p class='ocr_par' dir='ltr' id='par_1_31' title="bbox 32 3081 1542 3152">
     <span class='ocr_line' id='line_1_31' title="bbox 32 3081 1542 3152; baseline 0.003 -23"><span class='ocrx_word' id='word_1_247' title='bbox 32 3083 170 3135; x_wconf 66' lang='lat' dir='ltr'><strong>muerit</strong></span> <span class='ocrx_word' id='word_1_248' title='bbox 192 3099 248 3137; x_wconf 89' lang='lat' dir='ltr'><strong>ne</strong></span> <span class='ocrx_word' id='word_1_249' title='bbox 274 3085 423 3138; x_wconf 82' lang='lat' dir='ltr'><strong>cadat</strong></span> <span class='ocrx_word' id='word_1_250' title='bbox 470 3085 524 3139; x_wconf 92' lang='lat' dir='ltr'><strong>in</strong></span> <span class='ocrx_word' id='word_1_251' title='bbox 579 3093 773 3138; x_wconf 86' lang='lat' dir='ltr'><strong>terram</strong></span> <span class='ocrx_word' id='word_1_252' title='bbox 800 3083 993 3137; x_wconf 88' lang='lat' dir='ltr'><strong>malam</strong></span> <span class='ocrx_word' id='word_1_253' title='bbox 1016 3126 1031 3149; x_wconf 97' lang='lat'><strong>,</strong></span> <span class='ocrx_word' id='word_1_254' title='bbox 1078 3098 1182 3136; x_wconf 89' lang='lat' dir='ltr'><strong>non</strong></span> <span class='ocrx_word' id='word_1_255' title='bbox 1214 3082 1452 3152; x_wconf 87' lang='lat' dir='ltr'><strong>pervenit</strong></span> <span class='ocrx_word' id='word_1_256' title='bbox 1477 3081 1542 3135; x_wconf 88' lang='lat' dir='ltr'><strong>ad</strong></span> 
     </span>
    </p>
   </div>
   <div class='ocr_carea' id='block_1_32' title="bbox 42 3175 1541 3245">
    <p class='ocr_par' dir='ltr' id='par_1_32' title="bbox 42 3175 1541 3245">
     <span class='ocr_line' id='line_1_32' title="bbox 42 3175 1541 3245; baseline 0.003 -22"><span class='ocrx_word' id='word_1_257' title='bbox 42 3180 173 3226; x_wconf 71' lang='lat' dir='ltr'><strong>terram</strong></span> <span class='ocrx_word' id='word_1_258' title='bbox 211 3175 411 3231; x_wconf 86' lang='lat' dir='ltr'><strong>bonam.</strong></span> <span class='ocrx_word' id='word_1_259' title='bbox 452 3177 533 3231; x_wconf 84' lang='lat' dir='ltr'><strong>Et</strong></span> <span class='ocrx_word' id='word_1_260' title='bbox 587 3192 685 3231; x_wconf 91' lang='lat' dir='ltr'><strong>nos</strong></span> <span class='ocrx_word' id='word_1_261' title='bbox 711 3176 935 3231; x_wconf 87' lang='lat' dir='ltr'><strong>dicimus</strong></span> <span class='ocrx_word' id='word_1_262' title='bbox 955 3217 969 3239; x_wconf 86' lang='lat'><strong>,</strong></span> <span class='ocrx_word' id='word_1_263' title='bbox 1010 3176 1273 3245; x_wconf 87' lang='lat' dir='ltr'><strong>jactamus</strong></span> <span class='ocrx_word' id='word_1_264' title='bbox 1299 3176 1499 3230; x_wconf 88' lang='lat' dir='ltr'><strong>semina</strong></span> <span class='ocrx_word' id='word_1_265' title='bbox 1526 3216 1541 3237; x_wconf 93' lang='lat'><strong>,</strong></span> 
     </span>
    </p>
   </div>
   <div class='ocr_carea' id='block_1_33' title="bbox 36 3264 1547 3336">
    <p class='ocr_par' dir='ltr' id='par_1_33' title="bbox 36 3264 1547 3336">
     <span class='ocr_line' id='line_1_33' title="bbox 36 3264 1547 3336; baseline 0.001 -20"><span class='ocrx_word' id='word_1_266' title='bbox 36 3264 257 3331; x_wconf 56' lang='lat' dir='ltr'><strong>surgimus</strong></span> <span class='ocrx_word' id='word_1_267' title='bbox 294 3268 521 3322; x_wconf 86' lang='lat' dir='ltr'><strong>semina.</strong></span> <span class='ocrx_word' id='word_1_268' title='bbox 548 3265 694 3322; x_wconf 87' lang='lat' dir='ltr'><strong>Sunt</strong></span> <span class='ocrx_word' id='word_1_269' title='bbox 736 3267 824 3336; x_wconf 92' lang='lat' dir='ltr'><strong>qui</strong></span> <span class='ocrx_word' id='word_1_270' title='bbox 877 3273 1407 3331; x_wconf 83' lang='lat' dir='ltr'><strong>contemnunt,sunt</strong></span> <span class='ocrx_word' id='word_1_271' title='bbox 1454 3264 1547 3334; x_wconf 88' lang='lat' dir='ltr'><strong>qui</strong></span> 
     </span>
    </p>
   </div>
   <div class='ocr_carea' id='block_1_34' title="bbox 40 3354 1546 3428">
    <p class='ocr_par' dir='ltr' id='par_1_34' title="bbox 40 3354 1546 3428">
     <span class='ocr_line' id='line_1_34' title="bbox 40 3354 1546 3428; baseline 0.001 -22"><span class='ocrx_word' id='word_1_272' title='bbox 40 3354 383 3422; x_wconf 57' lang='lat' dir='ltr'><strong>«prehendunt,</strong></span> <span class='ocrx_word' id='word_1_273' title='bbox 412 3368 542 3414; x_wconf 90' lang='lat' dir='ltr'><strong>sunt</strong></span> <span class='ocrx_word' id='word_1_274' title='bbox 564 3358 655 3428; x_wconf 91' lang='lat' dir='ltr'><strong>qui</strong></span> <span class='ocrx_word' id='word_1_275' title='bbox 683 3356 925 3411; x_wconf 88' lang='lat' dir='ltr'><strong>irrident.</strong></span> <span class='ocrx_word' id='word_1_276' title='bbox 970 3354 1109 3411; x_wconf 82' lang='lat' dir='ltr'><strong>istos</strong></span> <span class='ocrx_word' id='word_1_277' title='bbox 1133 3356 1177 3410; x_wconf 91' lang='lat' dir='ltr'><strong>si</strong></span> <span class='ocrx_word' id='word_1_278' title='bbox 1218 3369 1318 3410; x_wconf 89' lang='lat' dir='ltr'><strong>nos</strong></span> <span class='ocrx_word' id='word_1_279' title='bbox 1355 3354 1546 3408; x_wconf 88' lang='lat' dir='ltr'><strong>timue-</strong></span> 
     </span>
    </p>
   </div>
   <div class='ocr_carea' id='block_1_35' title="bbox 3125 341 3227 399">
    <p class='ocr_par' dir='ltr' id='par_1_35' title="bbox 3125 341 3227 399">
     <span class='ocr_line' id='line_1_35' title="bbox 3125 341 3227 399; baseline 0 -4"><span class='ocrx_word' id='word_1_280' title='bbox 3125 341 3227 399; x_wconf 79' lang='lat'><strong>678</strong></span> 
     </span>
    </p>
   </div>
   <div class='ocr_carea' id='block_1_36' title="bbox 1648 446 3222 515">
    <p class='ocr_par' dir='ltr' id='par_1_36' title="bbox 1648 446 3222 515">
     <span class='ocr_line' id='line_1_36' title="bbox 1648 446 3222 515; baseline 0.006 -18"><span class='ocrx_word' id='word_1_281' title='bbox 1648 446 1848 509; x_wconf 86' lang='lat' dir='ltr'><strong>rimus,</strong></span> <span class='ocrx_word' id='word_1_282' title='bbox 1899 446 2026 500; x_wconf 83' lang='lat' dir='ltr'><strong>nihil</strong></span> <span class='ocrx_word' id='word_1_283' title='bbox 2056 447 2309 501; x_wconf 82' lang='lat' dir='ltr'><strong>habemus</strong></span> <span class='ocrx_word' id='word_1_284' title='bbox 2355 449 2649 515; x_wconf 85' lang='lat' dir='ltr'><strong>seminare,</strong></span> <span class='ocrx_word' id='word_1_285' title='bbox 2692 460 2743 503; x_wconf 87' lang='lat' dir='ltr'><strong>et</strong></span> <span class='ocrx_word' id='word_1_286' title='bbox 2772 452 2821 503; x_wconf 90' lang='lat' dir='ltr'><strong>in</strong></span> <span class='ocrx_word' id='word_1_287' title='bbox 2854 468 3025 507; x_wconf 77' lang='lat' dir='ltr'><strong>messe</strong></span> <span class='ocrx_word' id='word_1_288' title='bbox 3068 454 3222 508; x_wconf 82' lang='lat' dir='ltr'><strong>habe-</strong></span> 
     </span>
    </p>
   </div>
   <div class='ocr_carea' id='block_1_37' title="bbox 1648 538 3219 607">
    <p class='ocr_par' dir='ltr' id='par_1_37' title="bbox 1648 538 3219 607">
     <span class='ocr_line' id='line_1_37' title="bbox 1648 538 3219 607; baseline 0.007 -18"><span class='ocrx_word' id='word_1_289' title='bbox 1648 551 1766 590; x_wconf 90' lang='lat' dir='ltr'><strong>mus</strong></span> <span class='ocrx_word' id='word_1_290' title='bbox 1804 538 2025 591; x_wconf 89' lang='lat' dir='ltr'><strong>esurire.</strong></span> <span class='ocrx_word' id='word_1_291' title='bbox 2078 538 2215 607; x_wconf 81' lang='lat' dir='ltr'><strong>Ergo</strong></span> <span class='ocrx_word' id='word_1_292' title='bbox 2246 540 2421 592; x_wconf 87' lang='lat' dir='ltr'><strong>veniat</strong></span> <span class='ocrx_word' id='word_1_293' title='bbox 2458 555 2639 594; x_wconf 79' lang='lat' dir='ltr'><strong>Semen</strong></span> <span class='ocrx_word' id='word_1_294' title='bbox 2669 540 2734 593; x_wconf 91' lang='lat' dir='ltr'><strong>ad</strong></span> <span class='ocrx_word' id='word_1_295' title='bbox 2769 552 2961 596; x_wconf 85' lang='lat' dir='ltr'><strong>terram</strong></span> <span class='ocrx_word' id='word_1_296' title='bbox 3002 545 3219 600; x_wconf 86' lang='lat' dir='ltr'><strong>bonam.</strong></span> 
     </span>
    </p>
   </div>
   <div class='ocr_carea' id='block_1_38' title="bbox 1646 625 3225 703">
    <p class='ocr_par' dir='ltr' id='par_1_38' title="bbox 1646 625 3225 703">
     <span class='ocr_line' id='line_1_38' title="bbox 1646 625 3225 703; baseline 0.005 -23"><span class='ocrx_word' id='word_1_297' title='bbox 1646 625 1768 680; x_wconf 89' lang='lat' dir='ltr'><strong>Scio</strong></span> <span class='ocrx_word' id='word_1_298' title='bbox 1797 628 1919 696; x_wconf 85' lang='lat' dir='ltr'><strong>quia</strong></span> <span class='ocrx_word' id='word_1_299' title='bbox 1946 628 2034 698; x_wconf 90' lang='lat' dir='ltr'><strong>qui</strong></span> <span class='ocrx_word' id='word_1_300' title='bbox 2064 628 2209 682; x_wconf 88' lang='lat' dir='ltr'><strong>audit</strong></span> <span class='ocrx_word' id='word_1_301' title='bbox 2235 638 2288 683; x_wconf 89' lang='lat' dir='ltr'><strong>et</strong></span> <span class='ocrx_word' id='word_1_302' title='bbox 2325 629 2462 684; x_wconf 87' lang='lat' dir='ltr'><strong>bene</strong></span> <span class='ocrx_word' id='word_1_303' title='bbox 2486 630 2660 693; x_wconf 85' lang='lat' dir='ltr'><strong>audit,</strong></span> <span class='ocrx_word' id='word_1_304' title='bbox 2707 630 2883 686; x_wconf 85' lang='lat' dir='ltr'><strong>delicit</strong></span> <span class='ocrx_word' id='word_1_305' title='bbox 2903 674 2919 697; x_wconf 94' lang='lat'><strong>,</strong></span> <span class='ocrx_word' id='word_1_306' title='bbox 2971 643 3023 689; x_wconf 91' lang='lat' dir='ltr'><strong>et</strong></span> <span class='ocrx_word' id='word_1_307' title='bbox 3065 636 3225 703; x_wconf 84' lang='lat' dir='ltr'><strong>proli-</strong></span> 
     </span>
    </p>
   </div>
   <div class='ocr_carea' id='block_1_39' title="bbox 1647 716 3224 789">
    <p class='ocr_par' dir='ltr' id='par_1_39' title="bbox 1647 716 3224 789">
     <span class='ocr_line' id='line_1_39' title="bbox 1647 716 3224 789; baseline 0.004 -18"><span class='ocrx_word' id='word_1_308' title='bbox 1647 716 1719 771; x_wconf 86' lang='lat' dir='ltr'><strong>cit</strong></span> <span class='ocrx_word' id='word_1_309' title='bbox 1749 735 1761 769; x_wconf 89' lang='lat'>:</span> <span class='ocrx_word' id='word_1_310' title='bbox 1795 718 1972 772; x_wconf 82' lang='lat' dir='ltr'><strong>deﬁcit</strong></span> <span class='ocrx_word' id='word_1_311' title='bbox 2005 719 2299 788; x_wconf 91' lang='lat' dir='ltr'><strong>iniquitati,</strong></span> <span class='ocrx_word' id='word_1_312' title='bbox 2329 717 2539 789; x_wconf 85' lang='lat' dir='ltr'><strong>prolicit</strong></span> <span class='ocrx_word' id='word_1_313' title='bbox 2564 721 2773 775; x_wconf 87' lang='lat' dir='ltr'><strong>veritati</strong></span> <span class='ocrx_word' id='word_1_314' title='bbox 2803 739 2817 774; x_wconf 89' lang='lat'><strong>:</strong></span> <span class='ocrx_word' id='word_1_315' title='bbox 2844 722 3020 777; x_wconf 87' lang='lat' dir='ltr'><strong>delicit</strong></span> <span class='ocrx_word' id='word_1_316' title='bbox 3057 739 3224 777; x_wconf 65' lang='lat' dir='ltr'><strong>srccu-</strong></span> 
     </span>
    </p>
   </div>
   <div class='ocr_carea' id='block_1_40' title="bbox 1648 808 2129 877">
    <p class='ocr_par' dir='ltr' id='par_1_40' title="bbox 1648 808 2129 877">
     <span class='ocr_line' id='line_1_40' title="bbox 1648 808 2129 877; baseline 0 -16"><span class='ocrx_word' id='word_1_317' title='bbox 1648 808 1699 861; x_wconf 93' lang='lat' dir='ltr'><strong>lo</strong></span> <span class='ocrx_word' id='word_1_318' title='bbox 1720 849 1734 873; x_wconf 93' lang='lat'><strong>,</strong></span> <span class='ocrx_word' id='word_1_319' title='bbox 1768 808 1974 877; x_wconf 86' lang='lat' dir='ltr'><strong>prolicit</strong></span> <span class='ocrx_word' id='word_1_320' title='bbox 1998 809 2129 863; x_wconf 88' lang='lat' dir='ltr'><strong>Deo.</strong></span> 
     </span>
    </p>
   </div>
   <div class='ocr_carea' id='block_1_41' title="bbox 1716 897 3228 973">
    <p class='ocr_par' dir='ltr' id='par_1_41' title="bbox 1716 897 3228 973">
     <span class='ocr_line' id='line_1_41' title="bbox 1716 897 3228 973; baseline 0.004 -22"><span class='ocrx_word' id='word_1_321' title='bbox 1716 897 1940 952; x_wconf 77' lang='lat' dir='ltr'><strong>CAPUT</strong></span> <span class='ocrx_word' id='word_1_322' title='bbox 1979 897 2116 952; x_wconf 83' lang='lat' dir='ltr'><strong>XIV.</strong></span> <span class='ocrx_word' id='word_1_323' title='bbox 2141 928 2211 938; x_wconf 90' lang='lat'><strong>—-</strong></span> <span class='ocrx_word' id='word_1_324' title='bbox 2237 898 2323 953; x_wconf 83' lang='lat' dir='ltr'><strong>I5.</strong></span> <span class='ocrx_word' id='word_1_325' title='bbox 2373 898 2498 963; x_wconf 85' lang='lat' dir='ltr'><strong>Quis</strong></span> <span class='ocrx_word' id='word_1_326' title='bbox 2533 899 2597 952; x_wconf 87' lang='lat' dir='ltr'><strong>sit</strong></span> <span class='ocrx_word' id='word_1_327' title='bbox 2638 917 2782 954; x_wconf 89' lang='lat' dir='ltr'><strong>verus</strong></span> <span class='ocrx_word' id='word_1_328' title='bbox 2811 901 3064 973; x_wconf 78' lang='lat' dir='ltr'><strong>magister.</strong></span> <span class='ocrx_word' id='word_1_329' title='bbox 3099 902 3228 970; x_wconf 91' lang='lat' dir='ltr'><strong>Quis</strong></span> 
     </span>
    </p>
   </div>
   <div class='ocr_carea' id='block_1_42' title="bbox 1646 987 3227 1061">
    <p class='ocr_par' dir='ltr' id='par_1_42' title="bbox 1646 987 3227 1061">
     <span class='ocr_line' id='line_1_42' title="bbox 1646 987 3227 1061; baseline 0.003 -20"><span class='ocrx_word' id='word_1_330' title='bbox 1646 995 1728 1041; x_wconf 88' lang='lat' dir='ltr'><strong>cst</strong></span> <span class='ocrx_word' id='word_1_331' title='bbox 1752 987 1892 1041; x_wconf 90' lang='lat' dir='ltr'><strong>enim</strong></span> <span class='ocrx_word' id='word_1_332' title='bbox 1917 989 2174 1057; x_wconf 87' lang='lat' dir='ltr'><strong>.magister</strong></span> <span class='ocrx_word' id='word_1_333' title='bbox 2200 988 2287 1057; x_wconf 89' lang='lat' dir='ltr'><strong>qui</strong></span> <span class='ocrx_word' id='word_1_334' title='bbox 2331 987 2527 1042; x_wconf 88' lang='lat' dir='ltr'><strong>docet?</strong></span> <span class='ocrx_word' id='word_1_335' title='bbox 2554 988 2667 1042; x_wconf 87' lang='lat' dir='ltr'><strong>Non</strong></span> <span class='ocrx_word' id='word_1_336' title='bbox 2690 991 3091 1061; x_wconf 90' lang='lat' dir='ltr'><strong>qualiscumque</strong></span> <span class='ocrx_word' id='word_1_337' title='bbox 3138 992 3227 1045; x_wconf 48' lang='lat' dir='ltr'><strong>ho.</strong></span> 
     </span>
    </p>
   </div>
   <div class='ocr_carea' id='block_1_43' title="bbox 1647 1076 3224 1148">
    <p class='ocr_par' dir='ltr' id='par_1_43' title="bbox 1647 1076 3224 1148">
     <span class='ocr_line' id='line_1_43' title="bbox 1647 1076 3224 1148; baseline 0.004 -17"><span class='ocrx_word' id='word_1_338' title='bbox 1647 1092 1767 1141; x_wconf 90' lang='lat' dir='ltr'><strong>mo,</strong></span> <span class='ocrx_word' id='word_1_339' title='bbox 1800 1076 1894 1130; x_wconf 90' lang='lat' dir='ltr'><strong>sed</strong></span> <span class='ocrx_word' id='word_1_340' title='bbox 1935 1078 2237 1146; x_wconf 78' lang='lat' dir='ltr'><strong>Apostolus.</strong></span> <span class='ocrx_word' id='word_1_341' title='bbox 2283 1077 2445 1132; x_wconf 86' lang='lat' dir='ltr'><strong>Plane</strong></span> <span class='ocrx_word' id='word_1_342' title='bbox 2472 1078 2775 1148; x_wconf 88' lang='lat' dir='ltr'><strong>apostolus,</strong></span> <span class='ocrx_word' id='word_1_343' title='bbox 2809 1089 2866 1136; x_wconf 90' lang='lat' dir='ltr'><strong>et</strong></span> <span class='ocrx_word' id='word_1_344' title='bbox 2906 1091 3078 1136; x_wconf 89' lang='lat' dir='ltr'><strong>tamen</strong></span> <span class='ocrx_word' id='word_1_345' title='bbox 3121 1098 3224 1137; x_wconf 90' lang='lat' dir='ltr'><strong>non</strong></span> 
     </span>
    </p>
   </div>
   <div class='ocr_carea' id='block_1_44' title="bbox 1644 1170 3220 1244">
    <p class='ocr_par' dir='ltr' id='par_1_44' title="bbox 1644 1170 3220 1244">
     <span class='ocr_line' id='line_1_44' title="bbox 1644 1170 3220 1244; baseline 0.004 -23"><span class='ocrx_word' id='word_1_346' title='bbox 1644 1170 1935 1237; x_wconf 89' lang='lat' dir='ltr'><strong>apostolus.</strong></span> <span class='ocrx_word' id='word_1_347' title='bbox 1982 1170 2061 1222; x_wconf 80' lang='lat' dir='ltr'><strong>An</strong></span> <span class='ocrx_word' id='word_1_348' title='bbox 2109 1170 2291 1234; x_wconf 84' lang='lat' dir='ltr'><strong>vultis,</strong></span> <span class='ocrx_word' id='word_1_349' title='bbox 2328 1171 2531 1239; x_wconf 85' lang='lat' dir='ltr'><strong>inquit,</strong></span> <span class='ocrx_word' id='word_1_350' title='bbox 2564 1173 2956 1242; x_wconf 76' lang='lat' dir='ltr'><strong>experimentum</strong></span> <span class='ocrx_word' id='word_1_351' title='bbox 3006 1176 3113 1244; x_wconf 86' lang='lat' dir='ltr'><strong>ejus</strong></span> <span class='ocrx_word' id='word_1_352' title='bbox 3141 1192 3220 1227; x_wconf 86' lang='lat' dir='ltr'><strong>ac-</strong></span> 
     </span>
    </p>
   </div>
   <div class='ocr_carea' id='block_1_45' title="bbox 1644 1259 3220 1336">
    <p class='ocr_par' dir='ltr' id='par_1_45' title="bbox 1644 1259 3220 1336">
     <span class='ocr_line' id='line_1_45' title="bbox 1644 1259 3220 1336; baseline 0.005 -25"><span class='ocrx_word' id='word_1_353' title='bbox 1644 1260 1839 1328; x_wconf 86' lang='lat' dir='ltr'><strong>cipere,</strong></span> <span class='ocrx_word' id='word_1_354' title='bbox 1870 1261 1956 1330; x_wconf 80' lang='lat' dir='ltr'><strong>qui</strong></span> <span class='ocrx_word' id='word_1_355' title='bbox 1999 1261 2052 1313; x_wconf 90' lang='lat' dir='ltr'><strong>in</strong></span> <span class='ocrx_word' id='word_1_356' title='bbox 2100 1277 2178 1313; x_wconf 89' lang='lat' dir='ltr'><strong>me</strong></span> <span class='ocrx_word' id='word_1_357' title='bbox 2225 1260 2447 1330; x_wconf 77' lang='lat' dir='ltr'><strong>loquitur</strong></span> <span class='ocrx_word' id='word_1_358' title='bbox 2470 1259 2696 1316; x_wconf 81' lang='lat' dir='ltr'><strong>Christus</strong></span> <span class='ocrx_word' id='word_1_359' title='bbox 2729 1263 2792 1335; x_wconf 93' lang='lat' dir='ltr'><strong>(II</strong></span> <span class='ocrx_word' id='word_1_360' title='bbox 2817 1264 2933 1317; x_wconf 84' lang='lat' dir='ltr'><strong>Cor.</strong></span> <span class='ocrx_word' id='word_1_361' title='bbox 2964 1281 3090 1329; x_wconf 78' lang='lat' dir='ltr'><strong>xm,</strong></span> <span class='ocrx_word' id='word_1_362' title='bbox 3123 1266 3220 1336; x_wconf 83' lang='lat'><strong>5)?</strong></span> 
     </span>
    </p>
   </div>
   <div class='ocr_carea' id='block_1_46' title="bbox 1644 1348 3223 1420">
    <p class='ocr_par' dir='ltr' id='par_1_46' title="bbox 1644 1348 3223 1420">
     <span class='ocr_line' id='line_1_46' title="bbox 1644 1348 3223 1420; baseline 0.005 -18"><span class='ocrx_word' id='word_1_363' title='bbox 1644 1348 1886 1403; x_wconf 85' lang='lat' dir='ltr'><strong>Christus</strong></span> <span class='ocrx_word' id='word_1_364' title='bbox 1911 1356 1992 1403; x_wconf 88' lang='lat' dir='ltr'><strong>est</strong></span> <span class='ocrx_word' id='word_1_365' title='bbox 2016 1350 2102 1419; x_wconf 91' lang='lat' dir='ltr'><strong>qui</strong></span> <span class='ocrx_word' id='word_1_366' title='bbox 2131 1350 2317 1415; x_wconf 86' lang='lat' dir='ltr'><strong>docet;</strong></span> <span class='ocrx_word' id='word_1_367' title='bbox 2346 1352 2652 1406; x_wconf 83' lang='lat' dir='ltr'><strong>cathedram</strong></span> <span class='ocrx_word' id='word_1_368' title='bbox 2682 1354 2735 1407; x_wconf 91' lang='lat' dir='ltr'><strong>in</strong></span> <span class='ocrx_word' id='word_1_369' title='bbox 2778 1354 2914 1409; x_wconf 75' lang='lat' dir='ltr'><strong>ccelo</strong></span> <span class='ocrx_word' id='word_1_370' title='bbox 2943 1356 3134 1420; x_wconf 89' lang='lat' dir='ltr'><strong>habet,</strong></span> <span class='ocrx_word' id='word_1_371' title='bbox 3166 1366 3223 1410; x_wconf 93' lang='lat' dir='ltr'><strong>ut</strong></span> 
     </span>
    </p>
   </div>
   <div class='ocr_carea' id='block_1_47' title="bbox 1648 1441 3221 1512">
    <p class='ocr_par' dir='ltr' id='par_1_47' title="bbox 1648 1441 3221 1512">
     <span class='ocr_line' id='line_1_47' title="bbox 1648 1441 3221 1512; baseline 0.004 -19"><span class='ocrx_word' id='word_1_372' title='bbox 1648 1441 1802 1509; x_wconf 89' lang='lat' dir='ltr'><strong>paulo</strong></span> <span class='ocrx_word' id='word_1_373' title='bbox 1826 1450 1946 1494; x_wconf 89' lang='lat' dir='ltr'><strong>ante</strong></span> <span class='ocrx_word' id='word_1_374' title='bbox 1975 1441 2102 1494; x_wconf 81' lang='lat' dir='ltr'><strong>dixi.</strong></span> <span class='ocrx_word' id='word_1_375' title='bbox 2138 1441 2329 1496; x_wconf 84' lang='lat' dir='ltr'><strong>Scliola</strong></span> <span class='ocrx_word' id='word_1_376' title='bbox 2358 1442 2523 1512; x_wconf 88' lang='lat' dir='ltr'><strong>ipsius</strong></span> <span class='ocrx_word' id='word_1_377' title='bbox 2553 1443 2602 1496; x_wconf 93' lang='lat' dir='ltr'><strong>in</strong></span> <span class='ocrx_word' id='word_1_378' title='bbox 2634 1453 2771 1499; x_wconf 86' lang='lat' dir='ltr'><strong>terra</strong></span> <span class='ocrx_word' id='word_1_379' title='bbox 2808 1454 2922 1511; x_wconf 88' lang='lat' dir='ltr'><strong>est,</strong></span> <span class='ocrx_word' id='word_1_380' title='bbox 2968 1457 3020 1500; x_wconf 88' lang='lat' dir='ltr'><strong>et</strong></span> <span class='ocrx_word' id='word_1_381' title='bbox 3041 1446 3221 1500; x_wconf 82' lang='lat' dir='ltr'><strong>schola</strong></span> 
     </span>
    </p>
   </div>
   <div class='ocr_carea' id='block_1_48' title="bbox 1645 1530 3218 1602">
    <p class='ocr_par' dir='ltr' id='par_1_48' title="bbox 1645 1530 3218 1602">
     <span class='ocr_line' id='line_1_48' title="bbox 1645 1530 3218 1602; baseline 0.004 -18"><span class='ocrx_word' id='word_1_382' title='bbox 1645 1530 1811 1601; x_wconf 90' lang='lat' dir='ltr'><strong>ipsius</strong></span> <span class='ocrx_word' id='word_1_383' title='bbox 1838 1546 2029 1600; x_wconf 89' lang='lat' dir='ltr'><strong>corpus</strong></span> <span class='ocrx_word' id='word_1_384' title='bbox 2059 1532 2221 1599; x_wconf 83' lang='lat' dir='ltr'><strong>ipsius</strong></span> <span class='ocrx_word' id='word_1_385' title='bbox 2250 1542 2350 1587; x_wconf 91' lang='lat' dir='ltr'><strong>est.</strong></span> <span class='ocrx_word' id='word_1_386' title='bbox 2398 1532 2566 1602; x_wconf 88' lang='lat' dir='ltr'><strong>Caput</strong></span> <span class='ocrx_word' id='word_1_387' title='bbox 2605 1535 2763 1588; x_wconf 92' lang='lat' dir='ltr'><strong>docet</strong></span> <span class='ocrx_word' id='word_1_388' title='bbox 2801 1536 3039 1591; x_wconf 86' lang='lat' dir='ltr'><strong>membra</strong></span> <span class='ocrx_word' id='word_1_389' title='bbox 3085 1553 3178 1591; x_wconf 88' lang='lat' dir='ltr'><strong>sua</strong></span> <span class='ocrx_word' id='word_1_390' title='bbox 3203 1579 3218 1601; x_wconf 95' lang='lat'><strong>,</strong></span> 
     </span>
    </p>
   </div>
   <div class='ocr_carea' id='block_1_49' title="bbox 1646 1625 3212 1697">
    <p class='ocr_par' dir='ltr' id='par_1_49' title="bbox 1646 1625 3212 1697">
     <span class='ocr_line' id='line_1_49' title="bbox 1646 1625 3212 1697; baseline 0.003 -20"><span class='ocrx_word' id='word_1_391' title='bbox 1646 1625 1821 1693; x_wconf 81' lang='lat' dir='ltr'><strong>lingua</strong></span> <span class='ocrx_word' id='word_1_392' title='bbox 1854 1625 2084 1693; x_wconf 87' lang='lat' dir='ltr'><strong>loquitur</strong></span> <span class='ocrx_word' id='word_1_393' title='bbox 2110 1625 2329 1693; x_wconf 85' lang='lat' dir='ltr'><strong>pedibus</strong></span> <span class='ocrx_word' id='word_1_394' title='bbox 2354 1626 2483 1680; x_wconf 89' lang='lat' dir='ltr'><strong>suis.</strong></span> <span class='ocrx_word' id='word_1_395' title='bbox 2510 1625 2756 1681; x_wconf 89' lang='lat' dir='ltr'><strong>Christus</strong></span> <span class='ocrx_word' id='word_1_396' title='bbox 2781 1637 2862 1681; x_wconf 90' lang='lat' dir='ltr'><strong>est</strong></span> <span class='ocrx_word' id='word_1_397' title='bbox 2896 1628 2985 1697; x_wconf 90' lang='lat' dir='ltr'><strong>qui</strong></span> <span class='ocrx_word' id='word_1_398' title='bbox 3015 1629 3169 1684; x_wconf 89' lang='lat' dir='ltr'><strong>docet</strong></span> <span class='ocrx_word' id='word_1_399' title='bbox 3199 1647 3212 1682; x_wconf 87' lang='lat'><strong>:</strong></span> 
     </span>
    </p>
   </div>
   <div class='ocr_carea' id='block_1_50' title="bbox 1642 1715 3223 1781">
    <p class='ocr_par' dir='ltr' id='par_1_50' title="bbox 1642 1715 3223 1781">
     <span class='ocr_line' id='line_1_50' title="bbox 1642 1715 3223 1781; baseline 0.004 -13"><span class='ocrx_word' id='word_1_400' title='bbox 1642 1716 1916 1769; x_wconf 87' lang='lat' dir='ltr'><strong>audiamus</strong></span> <span class='ocrx_word' id='word_1_401' title='bbox 1935 1758 1950 1781; x_wconf 89' lang='lat'><strong>,</strong></span> <span class='ocrx_word' id='word_1_402' title='bbox 1981 1715 2259 1770; x_wconf 88' lang='lat' dir='ltr'><strong>timeamus</strong></span> <span class='ocrx_word' id='word_1_403' title='bbox 2280 1758 2297 1781; x_wconf 89' lang='lat'><strong>,</strong></span> <span class='ocrx_word' id='word_1_404' title='bbox 2326 1716 2600 1770; x_wconf 77' lang='lat' dir='ltr'><strong>faciamus.</strong></span> <span class='ocrx_word' id='word_1_405' title='bbox 2633 1717 2699 1771; x_wconf 88' lang='lat' dir='ltr'><strong>Et</strong></span> <span class='ocrx_word' id='word_1_406' title='bbox 2724 1734 2791 1772; x_wconf 89' lang='lat' dir='ltr'><strong>ne</strong></span> <span class='ocrx_word' id='word_1_407' title='bbox 2815 1729 3122 1774; x_wconf 88' lang='lat' dir='ltr'><strong>contemnas</strong></span> <span class='ocrx_word' id='word_1_408' title='bbox 3169 1730 3223 1774; x_wconf 80' lang='lat' dir='ltr'><strong>et</strong></span> 
     </span>
    </p>
   </div>
   <div class='ocr_carea' id='block_1_51' title="bbox 1646 1803 3218 1877">
    <p class='ocr_par' dir='ltr' id='par_1_51' title="bbox 1646 1803 3218 1877">
     <span class='ocr_line' id='line_1_51' title="bbox 1646 1803 3218 1877; baseline 0.003 -17"><span class='ocrx_word' id='word_1_409' title='bbox 1646 1805 1817 1875; x_wconf 87' lang='lat' dir='ltr'><strong>ipsum</strong></span> <span class='ocrx_word' id='word_1_410' title='bbox 1855 1803 2159 1873; x_wconf 87' lang='lat' dir='ltr'><strong>Christum,</strong></span> <span class='ocrx_word' id='word_1_411' title='bbox 2207 1807 2297 1877; x_wconf 92' lang='lat' dir='ltr'><strong>qui</strong></span> <span class='ocrx_word' id='word_1_412' title='bbox 2326 1817 2541 1876; x_wconf 84' lang='lat' dir='ltr'><strong>propter</strong></span> <span class='ocrx_word' id='word_1_413' title='bbox 2567 1817 2617 1862; x_wconf 90' lang='lat' dir='ltr'><strong>te</strong></span> <span class='ocrx_word' id='word_1_414' title='bbox 2648 1808 2699 1862; x_wconf 91' lang='lat' dir='ltr'><strong>in</strong></span> <span class='ocrx_word' id='word_1_415' title='bbox 2729 1824 2888 1863; x_wconf 90' lang='lat' dir='ltr'><strong>carne</strong></span> <span class='ocrx_word' id='word_1_416' title='bbox 2914 1820 3067 1864; x_wconf 90' lang='lat' dir='ltr'><strong>natus</strong></span> <span class='ocrx_word' id='word_1_417' title='bbox 3096 1820 3179 1865; x_wconf 88' lang='lat' dir='ltr'><strong>est</strong></span> <span class='ocrx_word' id='word_1_418' title='bbox 3203 1854 3218 1873; x_wconf 86' lang='lat'><strong>,</strong></span> 
     </span>
    </p>
   </div>
   <div class='ocr_carea' id='block_1_52' title="bbox 1648 1897 3223 1968">
    <p class='ocr_par' dir='ltr' id='par_1_52' title="bbox 1648 1897 3223 1968">
     <span class='ocr_line' id='line_1_52' title="bbox 1648 1897 3223 1968; baseline 0.003 -17"><span class='ocrx_word' id='word_1_419' title='bbox 1648 1898 1835 1967; x_wconf 89' lang='lat' dir='ltr'><strong>pannis</strong></span> <span class='ocrx_word' id='word_1_420' title='bbox 1875 1897 2211 1951; x_wconf 85' lang='lat' dir='ltr'><strong>mortalitatis</strong></span> <span class='ocrx_word' id='word_1_421' title='bbox 2240 1898 2629 1963; x_wconf 88' lang='lat' dir='ltr'><strong>circumdatus;</strong></span> <span class='ocrx_word' id='word_1_422' title='bbox 2660 1908 2874 1968; x_wconf 87' lang='lat' dir='ltr'><strong>propter</strong></span> <span class='ocrx_word' id='word_1_423' title='bbox 2916 1909 2965 1954; x_wconf 91' lang='lat' dir='ltr'><strong>te</strong></span> <span class='ocrx_word' id='word_1_424' title='bbox 3003 1901 3223 1955; x_wconf 83' lang='lat' dir='ltr'><strong>esurivit</strong></span> 
     </span>
    </p>
   </div>
   <div class='ocr_carea' id='block_1_53' title="bbox 1645 1989 3225 2061">
    <p class='ocr_par' dir='ltr' id='par_1_53' title="bbox 1645 1989 3225 2061">
     <span class='ocr_line' id='line_1_53' title="bbox 1645 1989 3225 2061; baseline 0.002 -17"><span class='ocrx_word' id='word_1_425' title='bbox 1645 1998 1699 2044; x_wconf 89' lang='lat' dir='ltr'><strong>et</strong></span> <span class='ocrx_word' id='word_1_426' title='bbox 1726 1989 1925 2054; x_wconf 88' lang='lat' dir='ltr'><strong>sitivit,</strong></span> <span class='ocrx_word' id='word_1_427' title='bbox 1961 2000 2176 2059; x_wconf 90' lang='lat' dir='ltr'><strong>propter</strong></span> <span class='ocrx_word' id='word_1_428' title='bbox 2204 1999 2254 2043; x_wconf 91' lang='lat' dir='ltr'><strong>te</strong></span> <span class='ocrx_word' id='word_1_429' title='bbox 2307 1990 2534 2043; x_wconf 87' lang='lat' dir='ltr'><strong>lassatus</strong></span> <span class='ocrx_word' id='word_1_430' title='bbox 2560 1991 2624 2043; x_wconf 88' lang='lat' dir='ltr'><strong>ad</strong></span> <span class='ocrx_word' id='word_1_431' title='bbox 2664 2001 2876 2061; x_wconf 90' lang='lat' dir='ltr'><strong>puteum</strong></span> <span class='ocrx_word' id='word_1_432' title='bbox 2916 1991 3081 2058; x_wconf 87' lang='lat' dir='ltr'><strong>sedit;</strong></span> <span class='ocrx_word' id='word_1_433' title='bbox 3114 2008 3225 2061; x_wconf 87' lang='lat' dir='ltr'><strong>pro-</strong></span> 
     </span>
    </p>
   </div>
   <div class='ocr_carea' id='block_1_54' title="bbox 1649 2079 3223 2151">
    <p class='ocr_par' dir='ltr' id='par_1_54' title="bbox 1649 2079 3223 2151">
     <span class='ocr_line' id='line_1_54' title="bbox 1649 2079 3223 2151; baseline 0.001 -17"><span class='ocrx_word' id='word_1_434' title='bbox 1649 2090 1764 2150; x_wconf 89' lang='lat' dir='ltr'><strong>pter</strong></span> <span class='ocrx_word' id='word_1_435' title='bbox 1793 2091 1843 2135; x_wconf 91' lang='lat' dir='ltr'><strong>te</strong></span> <span class='ocrx_word' id='word_1_436' title='bbox 1884 2080 2128 2150; x_wconf 79' lang='lat' dir='ltr'><strong>fatigatus</strong></span> <span class='ocrx_word' id='word_1_437' title='bbox 2158 2080 2208 2134; x_wconf 93' lang='lat' dir='ltr'><strong>in</strong></span> <span class='ocrx_word' id='word_1_438' title='bbox 2238 2081 2357 2134; x_wconf 86' lang='lat' dir='ltr'><strong>navi</strong></span> <span class='ocrx_word' id='word_1_439' title='bbox 2402 2079 2686 2147; x_wconf 89' lang='lat' dir='ltr'><strong>dormivit,</strong></span> <span class='ocrx_word' id='word_1_440' title='bbox 2718 2093 2935 2151; x_wconf 89' lang='lat' dir='ltr'><strong>propter</strong></span> <span class='ocrx_word' id='word_1_441' title='bbox 2963 2090 3013 2137; x_wconf 92' lang='lat' dir='ltr'><strong>te</strong></span> <span class='ocrx_word' id='word_1_442' title='bbox 3038 2092 3223 2136; x_wconf 86' lang='lat' dir='ltr'><strong>contu-</strong></span> 
     </span>
    </p>
   </div>
   <div class='ocr_carea' id='block_1_55' title="bbox 1647 2172 3222 2244">
    <p class='ocr_par' dir='ltr' id='par_1_55' title="bbox 1647 2172 3222 2244">
     <span class='ocr_line' id='line_1_55' title="bbox 1647 2172 3222 2244; baseline 0 -18"><span class='ocrx_word' id='word_1_443' title='bbox 1647 2172 1832 2227; x_wconf 88' lang='lat' dir='ltr'><strong>melias</strong></span> <span class='ocrx_word' id='word_1_444' title='bbox 1873 2172 2114 2242; x_wconf 90' lang='lat' dir='ltr'><strong>indignas</strong></span> <span class='ocrx_word' id='word_1_445' title='bbox 2138 2172 2365 2237; x_wconf 80' lang='lat' dir='ltr'><strong>audivit;</strong></span> <span class='ocrx_word' id='word_1_446' title='bbox 2398 2185 2612 2243; x_wconf 83' lang='lat' dir='ltr'><strong>propter</strong></span> <span class='ocrx_word' id='word_1_447' title='bbox 2646 2182 2697 2227; x_wconf 91' lang='lat' dir='ltr'><strong>te</strong></span> <span class='ocrx_word' id='word_1_448' title='bbox 2735 2189 2763 2226; x_wconf 88' lang='lat' dir='ltr'><strong>a</strong></span> <span class='ocrx_word' id='word_1_449' title='bbox 2791 2173 2926 2229; x_wconf 79' lang='lat' dir='ltr'><strong>facie</strong></span> <span class='ocrx_word' id='word_1_450' title='bbox 2952 2189 3047 2228; x_wconf 91' lang='lat' dir='ltr'><strong>sua</strong></span> <span class='ocrx_word' id='word_1_451' title='bbox 3071 2181 3222 2244; x_wconf 86' lang='lat' dir='ltr'><strong>sputa</strong></span> 
     </span>
    </p>
   </div>
   <div class='ocr_carea' id='block_1_56' title="bbox 1648 2263 3223 2335">
    <p class='ocr_par' dir='ltr' id='par_1_56' title="bbox 1648 2263 3223 2335">
     <span class='ocr_line' id='line_1_56' title="bbox 1648 2263 3223 2335; baseline 0.001 -18"><span class='ocrx_word' id='word_1_452' title='bbox 1648 2263 1921 2318; x_wconf 90' lang='lat' dir='ltr'><strong>hominum</strong></span> <span class='ocrx_word' id='word_1_453' title='bbox 1960 2280 2063 2318; x_wconf 94' lang='lat' dir='ltr'><strong>non</strong></span> <span class='ocrx_word' id='word_1_454' title='bbox 2103 2265 2315 2333; x_wconf 88' lang='lat' dir='ltr'><strong>abegit;</strong></span> <span class='ocrx_word' id='word_1_455' title='bbox 2356 2275 2575 2335; x_wconf 88' lang='lat' dir='ltr'><strong>propter</strong></span> <span class='ocrx_word' id='word_1_456' title='bbox 2620 2274 2671 2319; x_wconf 92' lang='lat' dir='ltr'><strong>te</strong></span> <span class='ocrx_word' id='word_1_457' title='bbox 2716 2266 2896 2335; x_wconf 89' lang='lat' dir='ltr'><strong>alapas</strong></span> <span class='ocrx_word' id='word_1_458' title='bbox 2941 2266 2992 2320; x_wconf 91' lang='lat' dir='ltr'><strong>in</strong></span> <span class='ocrx_word' id='word_1_459' title='bbox 3037 2265 3223 2321; x_wconf 80' lang='lat' dir='ltr'><strong>faciem</strong></span> 
     </span>
    </p>
   </div>
   <div class='ocr_carea' id='block_1_57' title="bbox 1648 2355 3226 2425">
    <p class='ocr_par' dir='ltr' id='par_1_57' title="bbox 1648 2355 3226 2425">
     <span class='ocr_line' id='line_1_57' title="bbox 1648 2355 3226 2425; baseline -0.001 -16"><span class='ocrx_word' id='word_1_460' title='bbox 1648 2355 1885 2423; x_wconf 88' lang='lat' dir='ltr'><strong>accepit;</strong></span> <span class='ocrx_word' id='word_1_461' title='bbox 1915 2364 2127 2424; x_wconf 90' lang='lat' dir='ltr'><strong>propter</strong></span> <span class='ocrx_word' id='word_1_462' title='bbox 2149 2364 2199 2409; x_wconf 91' lang='lat' dir='ltr'><strong>te</strong></span> <span class='ocrx_word' id='word_1_463' title='bbox 2230 2356 2279 2408; x_wconf 95' lang='lat' dir='ltr'><strong>in</strong></span> <span class='ocrx_word' id='word_1_464' title='bbox 2313 2355 2454 2425; x_wconf 81' lang='lat' dir='ltr'><strong>ligno</strong></span> <span class='ocrx_word' id='word_1_465' title='bbox 2485 2355 2769 2424; x_wconf 87' lang='lat' dir='ltr'><strong>pependit;</strong></span> <span class='ocrx_word' id='word_1_466' title='bbox 2800 2364 3014 2424; x_wconf 91' lang='lat' dir='ltr'><strong>propter</strong></span> <span class='ocrx_word' id='word_1_467' title='bbox 3042 2364 3092 2409; x_wconf 93' lang='lat' dir='ltr'><strong>te</strong></span> <span class='ocrx_word' id='word_1_468' title='bbox 3120 2356 3226 2409; x_wconf 88' lang='lat' dir='ltr'><strong>ani-</strong></span> 
     </span>
    </p>
   </div>
   <div class='ocr_carea' id='block_1_58' title="bbox 1652 2444 3224 2514">
    <p class='ocr_par' dir='ltr' id='par_1_58' title="bbox 1652 2444 3224 2514">
     <span class='ocr_line' id='line_1_58' title="bbox 1652 2444 3224 2514; baseline 0.001 -17"><span class='ocrx_word' id='word_1_469' title='bbox 1652 2460 1789 2497; x_wconf 91' lang='lat' dir='ltr'><strong>mam</strong></span> <span class='ocrx_word' id='word_1_470' title='bbox 1816 2444 2032 2507; x_wconf 75' lang='lat' dir='ltr'><strong>alludit;</strong></span> <span class='ocrx_word' id='word_1_471' title='bbox 2072 2455 2286 2513; x_wconf 87' lang='lat' dir='ltr'><strong>pr0pter</strong></span> <span class='ocrx_word' id='word_1_472' title='bbox 2308 2453 2357 2498; x_wconf 90' lang='lat' dir='ltr'><strong>te</strong></span> <span class='ocrx_word' id='word_1_473' title='bbox 2391 2446 2441 2498; x_wconf 92' lang='lat' dir='ltr'><strong>in</strong></span> <span class='ocrx_word' id='word_1_474' title='bbox 2472 2445 2714 2514; x_wconf 76' lang='lat' dir='ltr'><strong>sepulcro</strong></span> <span class='ocrx_word' id='word_1_475' title='bbox 2744 2447 2944 2513; x_wconf 88' lang='lat' dir='ltr'><strong>positus</strong></span> <span class='ocrx_word' id='word_1_476' title='bbox 2969 2454 3072 2499; x_wconf 92' lang='lat' dir='ltr'><strong>est.</strong></span> <span class='ocrx_word' id='word_1_477' title='bbox 3102 2446 3224 2499; x_wconf 57' lang='lat' dir='ltr'><strong>llaec</strong></span> 
     </span>
    </p>
   </div>
   <div class='ocr_carea' id='block_1_59' title="bbox 1650 2534 3227 2603">
    <p class='ocr_par' dir='ltr' id='par_1_59' title="bbox 1650 2534 3227 2603">
     <span class='ocr_line' id='line_1_59' title="bbox 1650 2534 3227 2603; baseline 0 -16"><span class='ocrx_word' id='word_1_478' title='bbox 1650 2537 1824 2589; x_wconf 90' lang='lat' dir='ltr'><strong>omnia</strong></span> <span class='ocrx_word' id='word_1_479' title='bbox 1848 2537 1980 2589; x_wconf 76' lang='lat' dir='ltr'><strong>forte</strong></span> <span class='ocrx_word' id='word_1_480' title='bbox 2006 2535 2306 2589; x_wconf 88' lang='lat' dir='ltr'><strong>contemnis</strong></span> <span class='ocrx_word' id='word_1_481' title='bbox 2330 2535 2383 2588; x_wconf 93' lang='lat' dir='ltr'><strong>in</strong></span> <span class='ocrx_word' id='word_1_482' title='bbox 2405 2535 2652 2588; x_wconf 87' lang='lat' dir='ltr'><strong>Christo?</strong></span> <span class='ocrx_word' id='word_1_483' title='bbox 2678 2534 2770 2588; x_wconf 84' lang='lat' dir='ltr'><strong>Vis</strong></span> <span class='ocrx_word' id='word_1_484' title='bbox 2796 2549 2951 2589; x_wconf 83' lang='lat' dir='ltr'><strong>nosse</strong></span> <span class='ocrx_word' id='word_1_485' title='bbox 2976 2536 3094 2603; x_wconf 91' lang='lat' dir='ltr'><strong>quis</strong></span> <span class='ocrx_word' id='word_1_486' title='bbox 3121 2534 3227 2591; x_wconf 84' lang='lat' dir='ltr'><strong>sit?</strong></span> 
     </span>
    </p>
   </div>
   <div class='ocr_carea' id='block_1_60' title="bbox 1649 2622 3223 2695">
    <p class='ocr_par' dir='ltr' id='par_1_60' title="bbox 1649 2622 3223 2695">
     <span class='ocr_line' id='line_1_60' title="bbox 1649 2622 3223 2695; baseline -0.002 -15"><span class='ocrx_word' id='word_1_487' title='bbox 1649 2625 1846 2680; x_wconf 76' lang='lat' dir='ltr'><strong>Recole</strong></span> <span class='ocrx_word' id='word_1_488' title='bbox 1874 2625 2212 2694; x_wconf 82' lang='lat' dir='ltr'><strong>Evangelium</strong></span> <span class='ocrx_word' id='word_1_489' title='bbox 2243 2624 2382 2694; x_wconf 89' lang='lat' dir='ltr'><strong>quod</strong></span> <span class='ocrx_word' id='word_1_490' title='bbox 2406 2623 2599 2678; x_wconf 90' lang='lat' dir='ltr'><strong>audisti</strong></span> <span class='ocrx_word' id='word_1_491' title='bbox 2632 2641 2643 2677; x_wconf 91' lang='lat'><strong>:</strong></span> <span class='ocrx_word' id='word_1_492' title='bbox 2676 2622 2785 2695; x_wconf 83' lang='lat' dir='ltr'><strong>Ego</strong></span> <span class='ocrx_word' id='word_1_493' title='bbox 2814 2634 2862 2677; x_wconf 84' lang='lat' dir='ltr'><strong>et</strong></span> <span class='ocrx_word' id='word_1_494' title='bbox 2888 2622 3045 2677; x_wconf 81' lang='lat' dir='ltr'><strong>Pater</strong></span> <span class='ocrx_word' id='word_1_495' title='bbox 3069 2641 3223 2677; x_wconf 86' lang='lat' dir='ltr'><strong>unum</strong></span> 
     </span>
    </p>
   </div>
   <div class='ocr_carea' id='block_1_61' title="bbox 1647 2713 2256 2787">
    <p class='ocr_par' dir='ltr' id='par_1_61' title="bbox 1647 2713 2256 2787">
     <span class='ocr_line' id='line_1_61' title="bbox 1647 2713 2256 2787; baseline -0.005 -17"><span class='ocrx_word' id='word_1_496' title='bbox 1647 2733 1818 2770; x_wconf 86' lang='lat' dir='ltr'><strong>sumus</strong></span> <span class='ocrx_word' id='word_1_497' title='bbox 1848 2715 2024 2787; x_wconf 83' lang='lat' dir='ltr'><strong>(Joan.</strong></span> <span class='ocrx_word' id='word_1_498' title='bbox 2054 2732 2082 2769; x_wconf 69' lang='grc' dir='ltr'><strong>Χ</strong></span> <span class='ocrx_word' id='word_1_499' title='bbox 2105 2757 2119 2781; x_wconf 89' lang='grc'><em>,</em></span> <span class='ocrx_word' id='word_1_500' title='bbox 2144 2713 2256 2785; x_wconf 79' lang='grc'><strong>50).</strong></span> 
     </span>
    </p>
   </div>
   <div class='ocr_carea' id='block_1_62' title="bbox 1724 2805 3227 2877">
    <p class='ocr_par' dir='ltr' id='par_1_62' title="bbox 1724 2805 3227 2877">
     <span class='ocr_line' id='line_1_62' title="bbox 1724 2805 3227 2877; baseline -0.002 -14"><span class='ocrx_word' id='word_1_501' title='bbox 1724 2808 1805 2863; x_wconf 83' lang='grc'><strong>16.</strong></span> <span class='ocrx_word' id='word_1_502' title='bbox 1837 2808 2089 2863; x_wconf 90' lang='lat' dir='ltr'><strong>Conversi</strong></span> <span class='ocrx_word' id='word_1_503' title='bbox 2117 2808 2182 2861; x_wconf 89' lang='lat' dir='ltr'><strong>ad</strong></span> <span class='ocrx_word' id='word_1_504' title='bbox 2217 2808 2494 2861; x_wconf 90' lang='lat' dir='ltr'><strong>Dominum</strong></span> <span class='ocrx_word' id='word_1_505' title='bbox 2516 2847 2531 2872; x_wconf 94' lang='lat'><strong>,</strong></span> <span class='ocrx_word' id='word_1_506' title='bbox 2561 2806 2732 2875; x_wconf 88' lang='lat' dir='ltr'><strong>ipsum</strong></span> <span class='ocrx_word' id='word_1_507' title='bbox 2760 2805 3109 2876; x_wconf 83' lang='lat' dir='ltr'><strong>deprecemur</strong></span> <span class='ocrx_word' id='word_1_508' title='bbox 3128 2822 3227 2877; x_wconf 91' lang='lat' dir='ltr'><strong>pro</strong></span> 
     </span>
    </p>
   </div>
   <div class='ocr_carea' id='block_1_63' title="bbox 1649 2897 3225 2968">
    <p class='ocr_par' dir='ltr' id='par_1_63' title="bbox 1649 2897 3225 2968">
     <span class='ocr_line' id='line_1_63' title="bbox 1649 2897 3225 2968; baseline -0.002 -14"><span class='ocrx_word' id='word_1_509' title='bbox 1649 2900 1833 2962; x_wconf 86' lang='lat' dir='ltr'><strong>nobis,</strong></span> <span class='ocrx_word' id='word_1_510' title='bbox 1863 2909 1915 2952; x_wconf 92' lang='lat' dir='ltr'><strong>et</strong></span> <span class='ocrx_word' id='word_1_511' title='bbox 1945 2915 2040 2967; x_wconf 87' lang='lat' dir='ltr'><strong>pro</strong></span> <span class='ocrx_word' id='word_1_512' title='bbox 2069 2898 2213 2953; x_wconf 92' lang='lat' dir='ltr'><strong>omni</strong></span> <span class='ocrx_word' id='word_1_513' title='bbox 2257 2897 2411 2968; x_wconf 87' lang='lat' dir='ltr'><strong>plebe</strong></span> <span class='ocrx_word' id='word_1_514' title='bbox 2458 2912 2552 2951; x_wconf 86' lang='lat' dir='ltr'><strong>sua</strong></span> <span class='ocrx_word' id='word_1_515' title='bbox 2597 2906 2802 2951; x_wconf 79' lang='lat' dir='ltr'><strong>aSIante</strong></span> <span class='ocrx_word' id='word_1_516' title='bbox 2854 2897 3127 2951; x_wconf 88' lang='lat' dir='ltr'><strong>nobiscum</strong></span> <span class='ocrx_word' id='word_1_517' title='bbox 3172 2897 3225 2951; x_wconf 92' lang='lat' dir='ltr'><strong>in</strong></span> 
     </span>
    </p>
   </div>
   <div class='ocr_carea' id='block_1_64' title="bbox 1648 2985 3223 3057">
    <p class='ocr_par' dir='ltr' id='par_1_64' title="bbox 1648 2985 3223 3057">
     <span class='ocr_line' id='line_1_64' title="bbox 1648 2985 3223 3057; baseline -0.002 -14"><span class='ocrx_word' id='word_1_518' title='bbox 1648 2990 1798 3043; x_wconf 89' lang='lat' dir='ltr'><strong>atriis</strong></span> <span class='ocrx_word' id='word_1_519' title='bbox 1826 2989 2016 3042; x_wconf 89' lang='lat' dir='ltr'><strong>domus</strong></span> <span class='ocrx_word' id='word_1_520' title='bbox 2061 3004 2171 3042; x_wconf 86' lang='lat' dir='ltr'><strong>suae</strong></span> <span class='ocrx_word' id='word_1_521' title='bbox 2197 3006 2210 3042; x_wconf 88' lang='lat'><strong>:</strong></span> <span class='ocrx_word' id='word_1_522' title='bbox 2238 3002 2395 3057; x_wconf 90' lang='lat' dir='ltr'><strong>quam</strong></span> <span class='ocrx_word' id='word_1_523' title='bbox 2423 2986 2690 3040; x_wconf 90' lang='lat' dir='ltr'><strong>custodire</strong></span> <span class='ocrx_word' id='word_1_524' title='bbox 2718 2996 3099 3056; x_wconf 82' lang='lat' dir='ltr'><strong>protegereque</strong></span> <span class='ocrx_word' id='word_1_525' title='bbox 3138 2985 3223 3040; x_wconf 88' lang='lat' dir='ltr'><strong>di—</strong></span> 
     </span>
    </p>
   </div>
   <div class='ocr_carea' id='block_1_65' title="bbox 1650 3077 3227 3152">
    <p class='ocr_par' dir='ltr' id='par_1_65' title="bbox 1650 3077 3227 3152">
     <span class='ocr_line' id='line_1_65' title="bbox 1650 3077 3227 3152; baseline -0.003 -16"><span class='ocrx_word' id='word_1_526' title='bbox 1650 3092 1867 3152; x_wconf 86' lang='lat' dir='ltr'><strong>gnetur;</strong></span> <span class='ocrx_word' id='word_1_527' title='bbox 1899 3098 1993 3152; x_wconf 91' lang='lat' dir='ltr'><strong>per</strong></span> <span class='ocrx_word' id='word_1_528' title='bbox 2018 3081 2198 3137; x_wconf 69' lang='lat' dir='ltr'><strong>Iesum</strong></span> <span class='ocrx_word' id='word_1_529' title='bbox 2225 3080 2493 3136; x_wconf 90' lang='lat' dir='ltr'><strong>Christum</strong></span> <span class='ocrx_word' id='word_1_530' title='bbox 2520 3079 2712 3134; x_wconf 88' lang='lat' dir='ltr'><strong>Filium</strong></span> <span class='ocrx_word' id='word_1_531' title='bbox 2743 3095 2918 3143; x_wconf 86' lang='lat' dir='ltr'><strong>suum,</strong></span> <span class='ocrx_word' id='word_1_532' title='bbox 2949 3077 3227 3133; x_wconf 91' lang='lat' dir='ltr'><strong>Dominum</strong></span> 
     </span>
    </p>
   </div>
   <div class='ocr_carea' id='block_1_66' title="bbox 1651 3170 3229 3242">
    <p class='ocr_par' dir='ltr' id='par_1_66' title="bbox 1651 3170 3229 3242">
     <span class='ocr_line' id='line_1_66' title="bbox 1651 3170 3229 3242; baseline -0.004 -15"><span class='ocrx_word' id='word_1_533' title='bbox 1651 3185 1889 3227; x_wconf 89' lang='lat' dir='ltr'><strong>nostrum</strong></span> <span class='ocrx_word' id='word_1_534' title='bbox 1912 3213 1926 3237; x_wconf 93' lang='lat'><strong>,</strong></span> <span class='ocrx_word' id='word_1_535' title='bbox 1954 3173 2044 3242; x_wconf 92' lang='lat' dir='ltr'><strong>qui</strong></span> <span class='ocrx_word' id='word_1_536' title='bbox 2072 3187 2192 3226; x_wconf 90' lang='lat' dir='ltr'><strong>cum</strong></span> <span class='ocrx_word' id='word_1_537' title='bbox 2224 3187 2291 3227; x_wconf 92' lang='lat' dir='ltr'><strong>eo</strong></span> <span class='ocrx_word' id='word_1_538' title='bbox 2316 3172 2445 3226; x_wconf 89' lang='lat' dir='ltr'><strong>vivit</strong></span> <span class='ocrx_word' id='word_1_539' title='bbox 2468 3180 2522 3225; x_wconf 91' lang='lat' dir='ltr'><strong>ct</strong></span> <span class='ocrx_word' id='word_1_540' title='bbox 2551 3178 2738 3240; x_wconf 80' lang='lat' dir='ltr'><strong>regnat</strong></span> <span class='ocrx_word' id='word_1_541' title='bbox 2760 3170 2811 3224; x_wconf 93' lang='lat' dir='ltr'><strong>in</strong></span> <span class='ocrx_word' id='word_1_542' title='bbox 2844 3170 3037 3224; x_wconf 76' lang='lat' dir='ltr'><strong>szecula</strong></span> <span class='ocrx_word' id='word_1_543' title='bbox 3064 3184 3229 3222; x_wconf 67' lang='lat' dir='ltr'><strong>sarcu-</strong></span> 
     </span>
    </p>
   </div>
   <div class='ocr_carea' id='block_1_67' title="bbox 1651 3265 2067 3321">
    <p class='ocr_par' dir='ltr' id='par_1_67' title="bbox 1651 3265 2067 3321">
     <span class='ocr_line' id='line_1_67' title="bbox 1651 3265 2067 3321; baseline -0.01 -2"><span class='ocrx_word' id='word_1_544' title='bbox 1651 3265 1843 3321; x_wconf 88' lang='lat' dir='ltr'><strong>lorum.</strong></span> <span class='ocrx_word' id='word_1_545' title='bbox 1877 3266 2067 3319; x_wconf 83' lang='lat' dir='ltr'><strong>Amen.</strong></span> 
     </span>
    </p>
   </div>
   <div class='ocr_carea' id='block_1_68' title="bbox 58 3457 3225 3527">
    <p class='ocr_par' dir='ltr' id='par_1_68' title="bbox 198 3461 3218 3496">
     <span class='ocr_line' id='line_1_68' title="bbox 198 3461 3218 3496; baseline -0.009 -2"><span class='ocrx_word' id='word_1_546' title='bbox 198 3461 3218 3496; x_wconf 49' lang='lat' dir='ltr'><strong>a———_—______—_—_————————-—‘.—_____—_________</strong></span> 
     </span>
    </p>
   </div>
   <div class='ocr_carea' id='block_1_69' title="bbox 552 3603 1542 3731">
    <p class='ocr_par' dir='ltr' id='par_1_69' title="bbox 552 3613 1542 3731">
     <span class='ocr_line' id='line_1_69' title="bbox 552 3613 1542 3731; baseline -0.011 1"><span class='ocrx_word' id='word_1_547' title='bbox 552 3617 710 3731; x_wconf 75' lang='grc'><strong>8-</strong></span> <span class='ocrx_word' id='word_1_548' title='bbox 790 3613 1542 3731; x_wconf 63' lang='grc' dir='ltr'><strong>ΔΠΒΕῙΑῙΙ</strong></span> 
     </span>
    </p>
   </div>
   <div class='ocr_carea' id='block_1_70' title="bbox 1654 3603 2634 3731">
    <p class='ocr_par' dir='ltr' id='par_1_70' title="bbox 1654 3603 2634 3721">
     <span class='ocr_line' id='line_1_70' title="bbox 1654 3603 2634 3721; baseline -0.009 1"><span class='ocrx_word' id='word_1_549' title='bbox 1654 3603 2634 3721; x_wconf 60' lang='lat' dir='ltr'><strong>AUGUSTI!!!</strong></span> 
     </span>
    </p>
   </div>
   <div class='ocr_carea' id='block_1_71' title="bbox 1140 3792 2046 3864">
    <p class='ocr_par' dir='ltr' id='par_1_71' title="bbox 1140 3792 2046 3864">
     <span class='ocr_line' id='line_1_71' title="bbox 1140 3792 2046 3864; baseline -0.012 1"><span class='ocrx_word' id='word_1_550' title='bbox 1140 3796 1654 3864; x_wconf 78' lang='lat' dir='ltr'><strong>IIIPPONENSIS</strong></span> <span class='ocrx_word' id='word_1_551' title='bbox 1695 3792 2046 3856; x_wconf 89' lang='lat' dir='ltr'><strong>EPISCOPI</strong></span> 
     </span>
    </p>
   </div>
   <div class='ocr_carea' id='block_1_72' title="bbox 182 3952 3041 4191">
    <p class='ocr_par' dir='ltr' id='par_1_72' title="bbox 182 3952 3041 4191">
     <span class='ocr_line' id='line_1_72' title="bbox 182 3952 3041 4191; baseline -0.004 -3"><span class='ocrx_word' id='word_1_552' title='bbox 182 3968 566 4191; x_wconf 90' lang='lat' dir='ltr'><strong>DE</strong></span> <span class='ocrx_word' id='word_1_553' title='bbox 701 3956 2063 4190; x_wconf 84' lang='lat' dir='ltr'><strong>CANTICO</strong></span> <span class='ocrx_word' id='word_1_554' title='bbox 2181 3952 3041 4177; x_wconf 86' lang='lat' dir='ltr'><strong>NOVO</strong></span> 
     </span>
    </p>
   </div>
   <div class='ocr_carea' id='block_1_73' title="bbox 531 4295 2670 4371">
    <p class='ocr_par' dir='ltr' id='par_1_73' title="bbox 531 4295 2670 4371">
     <span class='ocr_line' id='line_1_73' title="bbox 531 4295 2670 4371; baseline -0.009 -1"><span class='ocrx_word' id='word_1_555' title='bbox 531 4313 622 4371; x_wconf 82' lang='lat' dir='ltr'><strong>ET</strong></span> <span class='ocrx_word' id='word_1_556' title='bbox 662 4313 749 4368; x_wconf 84' lang='lat' dir='ltr'><strong>DE</strong></span> <span class='ocrx_word' id='word_1_557' title='bbox 786 4309 1043 4367; x_wconf 79' lang='lat' dir='ltr'><strong>REDITU</strong></span> <span class='ocrx_word' id='word_1_558' title='bbox 1084 4308 1173 4363; x_wconf 74' lang='lat' dir='ltr'><strong>AD</strong></span> <span class='ocrx_word' id='word_1_559' title='bbox 1211 4303 1606 4371; x_wconf 70' lang='lat' dir='ltr'><strong>C(ELESTEM</strong></span> <span class='ocrx_word' id='word_1_560' title='bbox 1645 4301 1950 4358; x_wconf 79' lang='lat' dir='ltr'><strong>PATRIAM</strong></span> <span class='ocrx_word' id='word_1_561' title='bbox 1989 4300 2076 4355; x_wconf 82' lang='lat' dir='ltr'><strong>AC</strong></span> <span class='ocrx_word' id='word_1_562' title='bbox 2116 4296 2251 4353; x_wconf 76' lang='lat' dir='ltr'><strong>VUE</strong></span> <span class='ocrx_word' id='word_1_563' title='bbox 2288 4295 2670 4361; x_wconf 80' lang='lat' dir='ltr'><strong>PERICULIS,</strong></span> 
     </span>
    </p>
   </div>
   <div class='ocr_carea' id='block_1_74' title="bbox 779 4443 2453 4542">
    <p class='ocr_par' dir='ltr' id='par_1_74' title="bbox 779 4443 2453 4542">
     <span class='ocr_line' id='line_1_74' title="bbox 779 4443 2453 4542; baseline -0.007 -1"><span class='ocrx_word' id='word_1_564' title='bbox 779 4454 1180 4542; x_wconf 82' lang='lat' dir='ltr'>SERMO</span> <span class='ocrx_word' id='word_1_565' title='bbox 1236 4453 1392 4535; x_wconf 90' lang='lat' dir='ltr'><strong>AD</strong></span> <span class='ocrx_word' id='word_1_566' title='bbox 1469 4443 2453 4532; x_wconf 87' lang='lat' dir='ltr'><strong>CATECHUMENOS.</strong></span> 
     </span>
    </p>
   </div>
   <div class='ocr_carea' id='block_1_75' title="bbox 1292 4584 1903 4663">
    <p class='ocr_par' dir='ltr' id='par_1_75' title="bbox 1292 4584 1903 4663">
     <span class='ocr_line' id='line_1_75' title="bbox 1292 4584 1903 4663; baseline -0.016 3"><span class='ocrx_word' id='word_1_567' title='bbox 1292 4584 1903 4663; x_wconf 52' lang='lat' dir='ltr'><strong>«mem</strong></span> 
     </span>
    </p>
   </div>
   <div class='ocr_carea' id='block_1_76' title="bbox 114 4694 3229 4779">
    <p class='ocr_par' dir='ltr' id='par_1_76' title="bbox 114 4694 3229 4779">
     <span class='ocr_line' id='line_1_76' title="bbox 114 4694 3229 4779; baseline -0.006 -10"><span class='ocrx_word' id='word_1_568' title='bbox 114 4710 285 4773; x_wconf 74' lang='lat' dir='ltr'><strong>CAPUT</strong></span> <span class='ocrx_word' id='word_1_569' title='bbox 315 4718 595 4779; x_wconf 79' lang='lat' dir='ltr'><strong>PRIMUM.</strong></span> <span class='ocrx_word' id='word_1_570' title='bbox 640 4747 711 4759; x_wconf 94' lang='lat'><strong>—-</strong></span> <span class='ocrx_word' id='word_1_571' title='bbox 741 4718 790 4772; x_wconf 94' lang='grc'><strong>1.</strong></span> <span class='ocrx_word' id='word_1_572' title='bbox 834 4715 878 4769; x_wconf 82' lang='grc' dir='ltr'><strong><em>Τ</em></strong></span> <span class='ocrx_word' id='word_1_573' title='bbox 878 4713 1098 4768; x_wconf 86' lang='lat' dir='ltr'><strong>ransitus</strong></span> <span class='ocrx_word' id='word_1_574' title='bbox 1139 4728 1170 4765; x_wconf 82' lang='grc' dir='ltr'><em>α</em></span> <span class='ocrx_word' id='word_1_575' title='bbox 1208 4720 1451 4764; x_wconf 81' lang='lat' dir='ltr'><strong>vetustate</strong></span> <span class='ocrx_word' id='word_1_576' title='bbox 1486 4706 1553 4761; x_wconf 86' lang='lat' dir='ltr'><strong>ad</strong></span> <span class='ocrx_word' id='word_1_577' title='bbox 1654 4705 1799 4758; x_wconf 88' lang='lat' dir='ltr'><strong>mabo</strong></span> <span class='ocrx_word' id='word_1_578' title='bbox 1828 4720 1976 4773; x_wconf 80' lang='lat' dir='ltr'><strong>super</strong></span> <span class='ocrx_word' id='word_1_579' title='bbox 2003 4704 2207 4757; x_wconf 85' lang='lat' dir='ltr'><strong>domum</strong></span> <span class='ocrx_word' id='word_1_580' title='bbox 2241 4699 2381 4755; x_wconf 79' lang='lat' dir='ltr'><strong>Iuda</strong></span> <span class='ocrx_word' id='word_1_581' title='bbox 2416 4707 2759 4754; x_wconf 73' lang='lat' dir='ltr'><strong>testamentum</strong></span> <span class='ocrx_word' id='word_1_582' title='bbox 2801 4712 2983 4750; x_wconf 80' lang='lat' dir='ltr'><strong>navum</strong></span> <span class='ocrx_word' id='word_1_583' title='bbox 3017 4694 3229 4767; x_wconf 76' lang='lat' dir='ltr'><strong>(larem.</strong></span> 
     </span>
    </p>
   </div>
   <div class='ocr_carea' id='block_1_77' title="bbox 76 4799 1555 4881">
    <p class='ocr_par' dir='ltr' id='par_1_77' title="bbox 76 4799 1555 4881">
     <span class='ocr_line' id='line_1_77' title="bbox 76 4799 1555 4881; baseline -0.008 -18"><span class='ocrx_word' id='word_1_584' title='bbox 76 4802 282 4862; x_wconf 57' lang='lat' dir='ltr'><strong>&quot;vitalem.</strong></span> <span class='ocrx_word' id='word_1_585' title='bbox 322 4810 493 4868; x_wconf 88' lang='lat' dir='ltr'><strong>Omnis</strong></span> <span class='ocrx_word' id='word_1_586' title='bbox 524 4810 615 4881; x_wconf 90' lang='lat' dir='ltr'><strong>qui</strong></span> <span class='ocrx_word' id='word_1_587' title='bbox 655 4809 972 4878; x_wconf 86' lang='lat' dir='ltr'><strong>baptismum</strong></span> <span class='ocrx_word' id='word_1_588' title='bbox 1006 4802 1198 4859; x_wconf 86' lang='lat' dir='ltr'><strong>Christi</strong></span> <span class='ocrx_word' id='word_1_589' title='bbox 1252 4799 1555 4864; x_wconf 88' lang='lat' dir='ltr'><strong>desiderat,</strong></span> 
     </span>
    </p>
   </div>
   <div class='ocr_carea' id='block_1_78' title="bbox 100 4889 1550 4973">
    <p class='ocr_par' dir='ltr' id='par_1_78' title="bbox 100 4889 1550 4973">
     <span class='ocr_line' id='line_1_78' title="bbox 100 4889 1550 4973; baseline -0.004 -21"><span class='ocrx_word' id='word_1_590' title='bbox 100 4889 186 4947; x_wconf 62' lang='lat' dir='ltr'><strong>llam</strong></span> <span class='ocrx_word' id='word_1_591' title='bbox 204 4914 358 4957; x_wconf 79' lang='lat' dir='ltr'><strong>novam</strong></span> <span class='ocrx_word' id='word_1_592' title='bbox 380 4901 723 4973; x_wconf 88' lang='lat' dir='ltr'><strong>concupiscit.</strong></span> <span class='ocrx_word' id='word_1_593' title='bbox 756 4899 1014 4955; x_wconf 85' lang='lat' dir='ltr'><strong>Transcat</strong></span> <span class='ocrx_word' id='word_1_594' title='bbox 1039 4910 1166 4965; x_wconf 87' lang='lat' dir='ltr'><strong>ergo</strong></span> <span class='ocrx_word' id='word_1_595' title='bbox 1192 4910 1221 4947; x_wconf 89' lang='lat' dir='ltr'><strong>a</strong></span> <span class='ocrx_word' id='word_1_596' title='bbox 1249 4900 1510 4948; x_wconf 83' lang='lat' dir='ltr'><strong>vetustate</strong></span> <span class='ocrx_word' id='word_1_597' title='bbox 1535 4931 1550 4956; x_wconf 94' lang='lat'><strong>,</strong></span> 
     </span>
    </p>
   </div>
   <div class='ocr_carea' id='block_1_79' title="bbox 1662 4786 3237 4865">
    <p class='ocr_par' dir='ltr' id='par_1_79' title="bbox 1662 4786 3237 4865">
     <span class='ocr_line' id='line_1_79' title="bbox 1662 4786 3237 4865; baseline -0.006 -16"><span class='ocrx_word' id='word_1_598' title='bbox 1662 4810 1817 4860; x_wconf 75' lang='lat' dir='ltr'><strong>xxxr,</strong></span> <span class='ocrx_word' id='word_1_599' title='bbox 1846 4794 1959 4865; x_wconf 77' lang='lat'><strong>&#39;51).</strong></span> <span class='ocrx_word' id='word_1_600' title='bbox 1992 4793 2151 4847; x_wconf 84' lang='lat' dir='ltr'><strong>David</strong></span> <span class='ocrx_word' id='word_1_601' title='bbox 2196 4806 2406 4862; x_wconf 90' lang='lat' dir='ltr'><strong>quoque</strong></span> <span class='ocrx_word' id='word_1_602' title='bbox 2443 4789 2717 4859; x_wconf 85' lang='lat' dir='ltr'><strong>propheta,</strong></span> <span class='ocrx_word' id='word_1_603' title='bbox 2774 4786 2934 4851; x_wconf 84' lang='lat' dir='ltr'><strong>Deus,</strong></span> <span class='ocrx_word' id='word_1_604' title='bbox 2985 4788 3237 4840; x_wconf 86' lang='lat' dir='ltr'><strong>canticum</strong></span> 
     </span>
    </p>
   </div>
   <div class='ocr_carea' id='block_1_80' title="bbox 1658 4877 3241 4952">
    <p class='ocr_par' dir='ltr' id='par_1_80' title="bbox 1658 4877 3241 4952">
     <span class='ocr_line' id='line_1_80' title="bbox 1658 4877 3241 4952; baseline -0.005 -13"><span class='ocrx_word' id='word_1_605' title='bbox 1658 4901 1840 4939; x_wconf 88' lang='lat' dir='ltr'><strong>novum</strong></span> <span class='ocrx_word' id='word_1_606' title='bbox 1874 4884 2083 4938; x_wconf 78' lang='lat' dir='ltr'><strong>cantabo</strong></span> <span class='ocrx_word' id='word_1_607' title='bbox 2113 4883 2200 4936; x_wconf 85' lang='lat' dir='ltr'><strong>tibi</strong></span> <span class='ocrx_word' id='word_1_608' title='bbox 2227 4880 2396 4952; x_wconf 86' lang='lat' dir='ltr'><strong>(Psal.</strong></span> <span class='ocrx_word' id='word_1_609' title='bbox 2424 4895 2609 4945; x_wconf 72' lang='lat' dir='ltr'><strong>cxutu,</strong></span> <span class='ocrx_word' id='word_1_610' title='bbox 2648 4879 2702 4949; x_wconf 90' lang='lat'><strong>9)</strong></span> <span class='ocrx_word' id='word_1_611' title='bbox 2736 4895 2750 4932; x_wconf 85' lang='lat'><strong>:</strong></span> <span class='ocrx_word' id='word_1_612' title='bbox 2782 4888 2837 4932; x_wconf 92' lang='lat' dir='ltr'><strong>et</strong></span> <span class='ocrx_word' id='word_1_613' title='bbox 2863 4877 3074 4943; x_wconf 87' lang='lat' dir='ltr'><strong>iterum,</strong></span> <span class='ocrx_word' id='word_1_614' title='bbox 3108 4878 3241 4931; x_wconf 83' lang='lat' dir='ltr'><strong>Can-</strong></span> 
     </span>
    </p>
   </div>
   <div class='ocr_carea' id='block_1_81' title="bbox 84 4968 3241 5052">
    <p class='ocr_par' dir='ltr' id='par_1_81' title="bbox 84 4968 3241 5052">
     <span class='ocr_line' id='line_1_81' title="bbox 84 4968 3241 5052; baseline -0.006 -12"><span class='ocrx_word' id='word_1_615' title='bbox 84 4988 121 5031; x_wconf 72' lang='grc' dir='ltr'><strong>ῑι</strong></span> <span class='ocrx_word' id='word_1_616' title='bbox 138 4994 349 5050; x_wconf 79' lang='lat' dir='ltr'><strong>perveniat</strong></span> <span class='ocrx_word' id='word_1_617' title='bbox 372 4996 433 5050; x_wconf 88' lang='lat' dir='ltr'><strong>ad</strong></span> <span class='ocrx_word' id='word_1_618' title='bbox 457 4968 767 5052; x_wconf 75' lang='lat' dir='ltr'><strong>novitatem.</strong></span> <span class='ocrx_word' id='word_1_619' title='bbox 801 4992 953 5046; x_wconf 88' lang='lat' dir='ltr'><strong>Prius</strong></span> <span class='ocrx_word' id='word_1_620' title='bbox 979 4989 1122 5044; x_wconf 90' lang='lat' dir='ltr'><strong>enim</strong></span> <span class='ocrx_word' id='word_1_621' title='bbox 1150 4988 1243 5041; x_wconf 81' lang='lat' dir='ltr'><strong>fuit</strong></span> <span class='ocrx_word' id='word_1_622' title='bbox 1271 4996 1560 5040; x_wconf 88' lang='lat' dir='ltr'><strong>testamen-</strong></span> <span class='ocrx_word' id='word_1_623' title='bbox 1661 4988 1760 5032; x_wconf 86' lang='lat' dir='ltr'><strong>tate</strong></span> <span class='ocrx_word' id='word_1_624' title='bbox 1791 4977 2004 5031; x_wconf 87' lang='lat' dir='ltr'><strong>Domino</strong></span> <span class='ocrx_word' id='word_1_625' title='bbox 2030 4975 2278 5030; x_wconf 83' lang='lat' dir='ltr'><strong>canticum</strong></span> <span class='ocrx_word' id='word_1_626' title='bbox 2302 4988 2482 5026; x_wconf 86' lang='lat' dir='ltr'><strong>novum</strong></span> <span class='ocrx_word' id='word_1_627' title='bbox 2508 4971 2678 5042; x_wconf 85' lang='lat' dir='ltr'><strong>(Psal.</strong></span> <span class='ocrx_word' id='word_1_628' title='bbox 2700 4985 2824 5037; x_wconf 73' lang='lat' dir='ltr'><strong>xcv,</strong></span> <span class='ocrx_word' id='word_1_629' title='bbox 2850 4971 2926 5040; x_wconf 83' lang='lat' dir='ltr'><strong>I).</strong></span> <span class='ocrx_word' id='word_1_630' title='bbox 2955 4968 3241 5040; x_wconf 77' lang='lat' dir='ltr'><strong>Apostolus</strong></span> 
     </span>
    </p>
   </div>
   <div class='ocr_carea' id='block_1_82' title="bbox 86 5076 1554 5149">
    <p class='ocr_par' dir='ltr' id='par_1_82' title="bbox 86 5076 1554 5149">
     <span class='ocr_line' id='line_1_82' title="bbox 86 5076 1554 5149; baseline 0.005 -26"><span class='ocrx_word' id='word_1_631' title='bbox 86 5076 158 5125; x_wconf 86' lang='lat' dir='ltr'><strong>tum</strong></span> <span class='ocrx_word' id='word_1_632' title='bbox 177 5092 312 5146; x_wconf 83' lang='lat' dir='ltr'><strong>vetus,</strong></span> <span class='ocrx_word' id='word_1_633' title='bbox 334 5090 586 5144; x_wconf 85' lang='lat' dir='ltr'><strong>canticum</strong></span> <span class='ocrx_word' id='word_1_634' title='bbox 614 5095 785 5149; x_wconf 85' lang='lat' dir='ltr'><strong>vetus,</strong></span> <span class='ocrx_word' id='word_1_635' title='bbox 816 5084 974 5137; x_wconf 89' lang='lat' dir='ltr'><strong>homo</strong></span> <span class='ocrx_word' id='word_1_636' title='bbox 1000 5092 1151 5135; x_wconf 83' lang='lat' dir='ltr'><strong>vetus</strong></span> <span class='ocrx_word' id='word_1_637' title='bbox 1176 5097 1188 5133; x_wconf 92' lang='lat'>:</span> <span class='ocrx_word' id='word_1_638' title='bbox 1214 5093 1353 5133; x_wconf 92' lang='lat' dir='ltr'><strong>nunc</strong></span> <span class='ocrx_word' id='word_1_639' title='bbox 1379 5086 1554 5133; x_wconf 87' lang='lat' dir='ltr'><strong>autem</strong></span> 
     </span>
    </p>
   </div>
   <div class='ocr_carea' id='block_1_83' title="bbox 90 5166 1559 5244">
    <p class='ocr_par' dir='ltr' id='par_1_83' title="bbox 90 5166 1559 5244">
     <span class='ocr_line' id='line_1_83' title="bbox 90 5166 1559 5244; baseline 0.004 -27"><span class='ocrx_word' id='word_1_640' title='bbox 90 5166 365 5232; x_wconf 68' lang='lat' dir='ltr'><strong>testamwtum</strong></span> <span class='ocrx_word' id='word_1_641' title='bbox 388 5195 597 5244; x_wconf 77' lang='lat' dir='ltr'><strong>novum,</strong></span> <span class='ocrx_word' id='word_1_642' title='bbox 620 5178 881 5233; x_wconf 67' lang='lat' dir='ltr'><strong>canticum</strong></span> <span class='ocrx_word' id='word_1_643' title='bbox 908 5188 1121 5237; x_wconf 87' lang='lat' dir='ltr'><strong>novum,</strong></span> <span class='ocrx_word' id='word_1_644' title='bbox 1154 5179 1368 5240; x_wconf 86' lang='lat' dir='ltr'><strong>propter</strong></span> <span class='ocrx_word' id='word_1_645' title='bbox 1390 5169 1559 5223; x_wconf 90' lang='lat' dir='ltr'><strong>homi-</strong></span> 
     </span>
    </p>
   </div>
   <div class='ocr_carea' id='block_1_84' title="bbox 92 5260 1559 5334">
    <p class='ocr_par' dir='ltr' id='par_1_84' title="bbox 92 5260 1559 5334">
     <span class='ocr_line' id='line_1_84' title="bbox 92 5260 1559 5334; baseline -0.007 -10"><span class='ocrx_word' id='word_1_646' title='bbox 92 5263 172 5309; x_wconf 58' lang='lat' dir='ltr'><strong>nem</strong></span> <span class='ocrx_word' id='word_1_647' title='bbox 197 5276 365 5322; x_wconf 72' lang='lat' dir='ltr'><strong>“0mm.</strong></span> <span class='ocrx_word' id='word_1_648' title='bbox 388 5270 809 5328; x_wconf 87' lang='lat' dir='ltr'><strong>Demonstremus</strong></span> <span class='ocrx_word' id='word_1_649' title='bbox 836 5268 936 5320; x_wconf 86' lang='lat' dir='ltr'><strong>hoc</strong></span> <span class='ocrx_word' id='word_1_650' title='bbox 963 5263 1103 5334; x_wconf 89' lang='lat' dir='ltr'><strong>quod</strong></span> <span class='ocrx_word' id='word_1_651' title='bbox 1142 5263 1365 5315; x_wconf 85' lang='lat' dir='ltr'><strong>dicimus</strong></span> <span class='ocrx_word' id='word_1_652' title='bbox 1410 5260 1559 5315; x_wconf 86' lang='lat' dir='ltr'><strong>testi-</strong></span> 
     </span>
    </p>
   </div>
   <div class='ocr_carea' id='block_1_85' title="bbox 98 5348 1557 5431">
    <p class='ocr_par' dir='ltr' id='par_1_85' title="bbox 98 5348 1557 5431">
     <span class='ocr_line' id='line_1_85' title="bbox 98 5348 1557 5431; baseline 0.002 -30"><span class='ocrx_word' id='word_1_653' title='bbox 98 5348 496 5431; x_wconf 54' lang='lat' dir='ltr'><strong>ltloniissanctarum</strong></span> <span class='ocrx_word' id='word_1_654' title='bbox 527 5361 936 5431; x_wconf 86' lang='lat' dir='ltr'><strong>Scripturarum.</strong></span> <span class='ocrx_word' id='word_1_655' title='bbox 974 5353 1232 5409; x_wconf 87' lang='lat' dir='ltr'><strong>.leremias</strong></span> <span class='ocrx_word' id='word_1_656' title='bbox 1280 5354 1557 5421; x_wconf 87' lang='lat' dir='ltr'><strong>propheta,</strong></span> 
     </span>
    </p>
   </div>
   <div class='ocr_carea' id='block_1_86' title="bbox 76 5427 1559 5518">
    <p class='ocr_par' dir='ltr' id='par_1_86' title="bbox 76 5427 1559 5518">
     <span class='ocr_line' id='line_1_86' title="bbox 76 5427 1559 5518; baseline 0.009 -38"><span class='ocrx_word' id='word_1_657' title='bbox 76 5427 201 5503; x_wconf 66' lang='lat' dir='ltr'><strong>Elim,</strong></span> <span class='ocrx_word' id='word_1_658' title='bbox 222 5442 373 5518; x_wconf 79' lang='lat' dir='ltr'><strong>inquit,</strong></span> <span class='ocrx_word' id='word_1_659' title='bbox 398 5452 493 5510; x_wconf 83' lang='lat' dir='ltr'><strong>dies</strong></span> <span class='ocrx_word' id='word_1_660' title='bbox 520 5427 738 5514; x_wconf 74' lang='lat' dir='ltr'><strong>veniunt,</strong></span> <span class='ocrx_word' id='word_1_661' title='bbox 782 5448 901 5502; x_wconf 83' lang='lat' dir='ltr'><strong>dicit</strong></span> <span class='ocrx_word' id='word_1_662' title='bbox 943 5445 1210 5509; x_wconf 86' lang='lat' dir='ltr'><strong>Dominus,</strong></span> <span class='ocrx_word' id='word_1_663' title='bbox 1251 5454 1295 5496; x_wconf 90' lang='lat' dir='ltr'><strong>et</strong></span> <span class='ocrx_word' id='word_1_664' title='bbox 1325 5458 1559 5495; x_wconf 86' lang='lat' dir='ltr'><strong>consum-</strong></span> 
     </span>
    </p>
   </div>
   <div class='ocr_carea' id='block_1_87' title="bbox 1660 5060 3243 5132">
    <p class='ocr_par' dir='ltr' id='par_1_87' title="bbox 1660 5060 3243 5132">
     <span class='ocr_line' id='line_1_87' title="bbox 1660 5060 3243 5132; baseline -0.008 -9"><span class='ocrx_word' id='word_1_665' title='bbox 1660 5070 1819 5123; x_wconf 86' lang='lat' dir='ltr'><strong>etiam</strong></span> <span class='ocrx_word' id='word_1_666' title='bbox 1861 5068 2074 5130; x_wconf 82' lang='lat' dir='ltr'><strong>Paulus,</strong></span> <span class='ocrx_word' id='word_1_667' title='bbox 2109 5064 2483 5132; x_wconf 66' lang='lat' dir='ltr'><strong>l&#39;Ixspoliantes,</strong></span> <span class='ocrx_word' id='word_1_668' title='bbox 2513 5062 2702 5131; x_wconf 87' lang='lat' dir='ltr'><strong>inquit,</strong></span> <span class='ocrx_word' id='word_1_669' title='bbox 2737 5075 2819 5115; x_wconf 72' lang='lat' dir='ltr'><strong>vos</strong></span> <span class='ocrx_word' id='word_1_670' title='bbox 2840 5069 3054 5114; x_wconf 83' lang='lat' dir='ltr'><strong>veterem</strong></span> <span class='ocrx_word' id='word_1_671' title='bbox 3080 5060 3243 5112; x_wconf 83' lang='lat' dir='ltr'><strong>homi-</strong></span> 
     </span>
    </p>
   </div>
   <div class='ocr_carea' id='block_1_88' title="bbox 1662 5142 3243 5227">
    <p class='ocr_par' dir='ltr' id='par_1_88' title="bbox 1662 5142 3243 5227">
     <span class='ocr_line' id='line_1_88' title="bbox 1662 5142 3243 5227; baseline -0.008 -13"><span class='ocrx_word' id='word_1_672' title='bbox 1662 5177 1794 5223; x_wconf 85' lang='lat' dir='ltr'><strong>nem,</strong></span> <span class='ocrx_word' id='word_1_673' title='bbox 1822 5158 2017 5212; x_wconf 82' lang='lat' dir='ltr'><strong>induite</strong></span> <span class='ocrx_word' id='word_1_674' title='bbox 2035 5171 2213 5209; x_wconf 86' lang='lat' dir='ltr'><strong>novum</strong></span> <span class='ocrx_word' id='word_1_675' title='bbox 2245 5152 2460 5227; x_wconf 78' lang='lat' dir='ltr'><strong>(Coloss.</strong></span> <span class='ocrx_word' id='word_1_676' title='bbox 2488 5168 2565 5217; x_wconf 88' lang='lat' dir='ltr'><strong>nt,</strong></span> <span class='ocrx_word' id='word_1_677' title='bbox 2594 5153 2629 5208; x_wconf 87' lang='lat'><strong>9</strong></span> <span class='ocrx_word' id='word_1_678' title='bbox 2651 5193 2665 5216; x_wconf 90' lang='lat'><strong>,</strong></span> <span class='ocrx_word' id='word_1_679' title='bbox 2700 5152 2835 5220; x_wconf 76' lang='lat' dir='ltr'><strong>IO)‘:</strong></span> <span class='ocrx_word' id='word_1_680' title='bbox 2869 5159 2923 5205; x_wconf 87' lang='lat' dir='ltr'><strong>et</strong></span> <span class='ocrx_word' id='word_1_681' title='bbox 2946 5150 3094 5216; x_wconf 90' lang='lat' dir='ltr'><strong>alibi,</strong></span> <span class='ocrx_word' id='word_1_682' title='bbox 3145 5142 3243 5203; x_wconf 80' lang='lat' dir='ltr'><strong>Ve-</strong></span> 
     </span>
    </p>
   </div>
   <div class='ocr_carea' id='block_1_89' title="bbox 1664 5240 3242 5317">
    <p class='ocr_par' dir='ltr' id='par_1_89' title="bbox 1664 5240 3242 5317">
     <span class='ocr_line' id='line_1_89' title="bbox 1664 5240 3242 5317; baseline -0.008 -12"><span class='ocrx_word' id='word_1_683' title='bbox 1664 5261 1769 5305; x_wconf 91' lang='lat' dir='ltr'><strong>tera</strong></span> <span class='ocrx_word' id='word_1_684' title='bbox 1798 5249 2123 5311; x_wconf 75' lang='lat' dir='ltr'><strong>transierunt,</strong></span> <span class='ocrx_word' id='word_1_685' title='bbox 2160 5262 2271 5300; x_wconf 83' lang='lat' dir='ltr'><strong>ecce</strong></span> <span class='ocrx_word' id='word_1_686' title='bbox 2298 5250 2434 5317; x_wconf 85' lang='lat' dir='ltr'><strong>facta</strong></span> <span class='ocrx_word' id='word_1_687' title='bbox 2474 5254 2590 5298; x_wconf 87' lang='lat' dir='ltr'><strong>sunt</strong></span> <span class='ocrx_word' id='word_1_688' title='bbox 2636 5259 2764 5297; x_wconf 82' lang='lat' dir='ltr'><strong>nova</strong></span> <span class='ocrx_word' id='word_1_689' title='bbox 2808 5240 2873 5315; x_wconf 93' lang='lat' dir='ltr'><strong>(II</strong></span> <span class='ocrx_word' id='word_1_690' title='bbox 2896 5241 3099 5306; x_wconf 80' lang='grc' dir='ltr'><strong>ν,</strong></span> <span class='ocrx_word' id='word_1_691' title='bbox 3130 5240 3242 5309; x_wconf 86' lang='grc'><strong>17)·</strong></span> 
     </span>
    </p>
   </div>
   <div class='ocr_carea' id='block_1_90' title="bbox 1664 5329 3246 5410">
    <p class='ocr_par' dir='ltr' id='par_1_90' title="bbox 1664 5329 3246 5410">
     <span class='ocr_line' id='line_1_90' title="bbox 1664 5329 3246 5410; baseline -0.008 -15"><span class='ocrx_word' id='word_1_692' title='bbox 1664 5345 1793 5410; x_wconf 79' lang='lat' dir='ltr'><strong>Qute</strong></span> <span class='ocrx_word' id='word_1_693' title='bbox 1814 5352 1992 5395; x_wconf 84' lang='lat' dir='ltr'><strong>vetera</strong></span> <span class='ocrx_word' id='word_1_694' title='bbox 2022 5337 2386 5393; x_wconf 86' lang='lat' dir='ltr'><strong>transierunt?</strong></span> <span class='ocrx_word' id='word_1_695' title='bbox 2411 5352 2527 5406; x_wconf 78' lang='lat' dir='ltr'><strong>qua:</strong></span> <span class='ocrx_word' id='word_1_696' title='bbox 2541 5334 2674 5390; x_wconf 81' lang='lat' dir='ltr'><strong>facta</strong></span> <span class='ocrx_word' id='word_1_697' title='bbox 2697 5342 2819 5389; x_wconf 87' lang='lat' dir='ltr'><strong>sunt</strong></span> <span class='ocrx_word' id='word_1_698' title='bbox 2837 5332 3014 5387; x_wconf 86' lang='lat' dir='ltr'><strong>nova?</strong></span> <span class='ocrx_word' id='word_1_699' title='bbox 3038 5331 3096 5385; x_wconf 85' lang='lat' dir='ltr'><strong>Si</strong></span> <span class='ocrx_word' id='word_1_700' title='bbox 3112 5329 3246 5383; x_wconf 87' lang='lat' dir='ltr'><strong>adsit</strong></span> 
     </span>
    </p>
   </div>
   <div class='ocr_carea' id='block_1_91' title="bbox 1665 5418 3249 5505">
    <p class='ocr_par' dir='ltr' id='par_1_91' title="bbox 1665 5418 3249 5505">
     <span class='ocr_line' id='line_1_91' title="bbox 1665 5418 3249 5505; baseline -0.013 -15"><span class='ocrx_word' id='word_1_701' title='bbox 1665 5432 1950 5505; x_wconf 87' lang='lat' dir='ltr'><strong>spiritualis</strong></span> <span class='ocrx_word' id='word_1_702' title='bbox 1979 5430 2206 5495; x_wconf 87' lang='lat' dir='ltr'><strong>auditor,</strong></span> <span class='ocrx_word' id='word_1_703' title='bbox 2241 5444 2347 5483; x_wconf 91' lang='lat' dir='ltr'><strong>non</strong></span> <span class='ocrx_word' id='word_1_704' title='bbox 2377 5427 2550 5483; x_wconf 92' lang='lat' dir='ltr'><strong>solum</strong></span> <span class='ocrx_word' id='word_1_705' title='bbox 2594 5424 2859 5494; x_wconf 73' lang='lat' dir='ltr'><strong>intelligit,</strong></span> <span class='ocrx_word' id='word_1_706' title='bbox 2887 5435 3068 5477; x_wconf 88' lang='lat' dir='ltr'><strong>verum</strong></span> <span class='ocrx_word' id='word_1_707' title='bbox 3090 5418 3249 5474; x_wconf 88' lang='lat' dir='ltr'><strong>etiam</strong></span> 
     </span>
    </p>
   </div>
   <div class='ocr_carea' id='block_1_92' title="bbox 1158 5538 2075 5590">
    <p class='ocr_par' dir='ltr' id='par_1_92' title="bbox 1158 5538 2075 5590">
     <span class='ocr_line' id='line_1_92' title="bbox 1158 5538 2075 5590; baseline -0.015 0"><span class='ocrx_word' id='word_1_708' title='bbox 1158 5548 1442 5590; x_wconf 70' lang='lat' dir='ltr'><strong>ADMONITIO</strong></span> <span class='ocrx_word' id='word_1_709' title='bbox 1477 5547 1560 5587; x_wconf 76' lang='lat' dir='ltr'><strong>PP.</strong></span> <span class='ocrx_word' id='word_1_710' title='bbox 1599 5538 2075 5584; x_wconf 73' lang='lat' dir='ltr'><strong>BBNEDICTINOBUI.</strong></span> 
     </span>
    </p>
   </div>
   <div class='ocr_carea' id='block_1_93' title="bbox 146 5602 3227 5693">
    <p class='ocr_par' dir='ltr' id='par_1_93' title="bbox 146 5602 3227 5693">
     <span class='ocr_line' id='line_1_93' title="bbox 146 5602 3227 5693; baseline -0.015 1"><span class='ocrx_word' id='word_1_711' title='bbox 146 5622 335 5693; x_wconf 63' lang='lat' dir='ltr'><strong>Wes</strong></span> <span class='ocrx_word' id='word_1_712' title='bbox 349 5632 404 5684; x_wconf 85' lang='lat' dir='ltr'><strong>de</strong></span> <span class='ocrx_word' id='word_1_713' title='bbox 420 5640 599 5689; x_wconf 85' lang='lat' dir='ltr'><strong>cantico</strong></span> <span class='ocrx_word' id='word_1_714' title='bbox 619 5644 764 5693; x_wconf 72' lang='lat' dir='ltr'><strong>Novo,</strong></span> <span class='ocrx_word' id='word_1_715' title='bbox 787 5632 850 5681; x_wconf 86' lang='lat' dir='ltr'><strong>de</strong></span> <span class='ocrx_word' id='word_1_716' title='bbox 872 5636 1043 5690; x_wconf 84' lang='lat' dir='ltr'><strong>Quarta</strong></span> <span class='ocrx_word' id='word_1_717' title='bbox 1066 5629 1217 5686; x_wconf 60' lang='grc' dir='ltr'><strong>νειοῖο,</strong></span> <span class='ocrx_word' id='word_1_718' title='bbox 1243 5626 1304 5675; x_wconf 86' lang='lat' dir='ltr'><strong>de</strong></span> <span class='ocrx_word' id='word_1_719' title='bbox 1318 5623 1632 5693; x_wconf 77' lang='lat' dir='ltr'><strong>_t‘.ataclysmo,</strong></span> <span class='ocrx_word' id='word_1_720' title='bbox 1660 5619 1795 5693; x_wconf 57' lang='lat' dir='ltr'><strong>etde</strong></span> <span class='ocrx_word' id='word_1_721' title='bbox 1817 5613 2342 5693; x_wconf 46' lang='lat' dir='ltr'><strong>Temporeﬁarbarioo,</strong></span> <span class='ocrx_word' id='word_1_722' title='bbox 2366 5612 2416 5661; x_wconf 88' lang='lat' dir='ltr'><strong>in</strong></span> <span class='ocrx_word' id='word_1_723' title='bbox 2445 5609 2616 5660; x_wconf 81' lang='lat' dir='ltr'><strong>iisdem</strong></span> <span class='ocrx_word' id='word_1_724' title='bbox 2638 5604 2902 5662; x_wconf 85' lang='lat' dir='ltr'><strong>codicibus,</strong></span> <span class='ocrx_word' id='word_1_725' title='bbox 2938 5602 3118 5665; x_wconf 81' lang='lat' dir='ltr'><strong>quibus</strong></span> <span class='ocrx_word' id='word_1_726' title='bbox 3139 5607 3227 5648; x_wconf 79' lang='lat' dir='ltr'><strong>Ser</strong></span> 
     </span>
    </p>
   </div>
   <div class='ocr_carea' id='block_1_94' title="bbox 237 5684 2215 5763">
    <p class='ocr_par' dir='ltr' id='par_1_94' title="bbox 237 5684 2215 5763">
     <span class='ocr_line' id='line_1_94' title="bbox 237 5684 2215 5763; baseline -0.012 -15"><span class='ocrx_word' id='word_1_727' title='bbox 237 5700 399 5748; x_wconf 62' lang='grc' dir='ltr'>(ὶωὶιισι-</span> <span class='ocrx_word' id='word_1_728' title='bbox 416 5684 708 5763; x_wconf 50' lang='grc' dir='ltr'><strong>(ιὲἷάῐιὶιέοιο</strong></span> <span class='ocrx_word' id='word_1_729' title='bbox 726 5684 785 5744; x_wconf 74' lang='lat' dir='ltr'><strong>ad</strong></span> <span class='ocrx_word' id='word_1_730' title='bbox 808 5684 1185 5743; x_wconf 78' lang='lat' dir='ltr'><strong>catechumenos</strong></span> <span class='ocrx_word' id='word_1_731' title='bbox 1205 5684 1528 5745; x_wconf 72' lang='lat' dir='ltr'><strong>Continentur,</strong></span> <span class='ocrx_word' id='word_1_732' title='bbox 1547 5684 1729 5732; x_wconf 88' lang='lat' dir='ltr'><strong>inventi</strong></span> <span class='ocrx_word' id='word_1_733' title='bbox 1754 5686 1865 5729; x_wconf 89' lang='lat' dir='ltr'><strong>sunt</strong></span> <span class='ocrx_word' id='word_1_734' title='bbox 1885 5690 1942 5726; x_wconf 90' lang='lat' dir='ltr'><strong>ac</strong></span> <span class='ocrx_word' id='word_1_735' title='bbox 1962 5684 2215 5739; x_wconf 82' lang='lat' dir='ltr'><strong>recognitt.</strong></span> 
     </span>
    </p>
   </div>
   <div class='ocr_carea' id='block_1_95' title="bbox 165 5743 3141 5861">
    <p class='ocr_par' dir='ltr' id='par_1_95' title="bbox 165 5743 3141 5861">
     <span class='ocr_line' id='line_1_95' title="bbox 165 5743 3141 5861; baseline -0.016 -11"><span class='ocrx_word' id='word_1_736' title='bbox 165 5743 572 5848; x_wconf 66' lang='lat' dir='ltr'><strong>Cmpafavimds</strong></span> <span class='ocrx_word' id='word_1_737' title='bbox 604 5786 905 5861; x_wconf 75' lang='lat' dir='ltr'><strong>prwterea</strong></span> <span class='ocrx_word' id='word_1_738' title='bbox 936 5792 1031 5834; x_wconf 82' lang='lat' dir='ltr'><strong>eas</strong></span> <span class='ocrx_word' id='word_1_739' title='bbox 1065 5789 1266 5833; x_wconf 85' lang='lat' dir='ltr'><strong>omnes</strong></span> <span class='ocrx_word' id='word_1_740' title='bbox 1292 5769 1587 5832; x_wconf 81' lang='lat' dir='ltr'><strong>editiones</strong></span> <span class='ocrx_word' id='word_1_741' title='bbox 1613 5764 1798 5828; x_wconf 82' lang='lat' dir='ltr'><strong>initio</strong></span> <span class='ocrx_word' id='word_1_742' title='bbox 1831 5763 1997 5823; x_wconf 82' lang='lat' dir='ltr'><strong>Retr.</strong></span> <span class='ocrx_word' id='word_1_743' title='bbox 2025 5774 2078 5824; x_wconf 85' lang='lat' dir='ltr'><strong>et</strong></span> <span class='ocrx_word' id='word_1_744' title='bbox 2103 5757 2479 5828; x_wconf 53' lang='lat' dir='ltr'><strong>Confess.,t.</strong></span> <span class='ocrx_word' id='word_1_745' title='bbox 2515 5751 2572 5826; x_wconf 84' lang='grc'><strong>1,</strong></span> <span class='ocrx_word' id='word_1_746' title='bbox 2610 5753 2993 5815; x_wconf 79' lang='lat' dir='ltr'><strong>memoratas,</strong></span> <span class='ocrx_word' id='word_1_747' title='bbox 3083 5743 3141 5803; x_wconf 78' lang='grc' dir='ltr'><strong>Μ</strong></span> 
     </span>
    </p>
   </div>
  </div>
