3860 6284
623 297 728 353 (579

623 409 766 462 videt
785 422 901 478 qua:
922 405 1057 460 facta
1085 414 1206 459 sunt
1229 418 1381 458 nova.
1406 403 1462 459 Si
1487 413 1660 458 autem
1686 403 1912 458 carnalis
1937 402 2093 465 adsit,
2113 401 2200 471 qui

625 511 793 554 totum
827 516 918 569 per
946 499 1126 553 oculos
1157 497 1351 562 carnis,
1384 495 1513 550 nihil
1544 512 1636 565 per
1672 497 1838 549 aciem
1883 495 2075 548 mentis
2119 493 2201 545 in-

624 593 831 659 telligit,
859 590 1088 644 irridens
1126 587 1449 658 respondet:
1485 587 1630 657 Rogo
1659 595 1730 649 te,
1770 585 1854 640 die
1898 599 2016 654 qua:
2065 583 2199 638 facta

623 693 748 735 sunt
767 681 938 735 nova?
958 679 1220 750 Numquid
1239 678 1379 732 aliud
1397 678 1586 732 ecelum
1607 677 1828 746 respicio
1845 690 2000 744 quam
2021 683 2196 738 antea,

623 782 716 826 aut
735 772 909 828 sidera
962 772 1013 826 in
1061 787 1254 826 novum
1298 769 1633 838 splendorem
1682 767 1964 822 micantia?
2014 765 2200 820 Nonne

625 863 812 917 iisdem
840 862 1084 917 cursibus
1113 863 1190 915 sol
1222 859 1421 930 peragit
1441 859 1601 921 diem,
1630 857 1939 927 eisdemque
1967 857 2203 911 curricu-

626 954 693 1008 lis
737 955 856 1008 luna
887 952 1090 1023 peragit
1137 950 1381 1005 noctem?
1425 947 1689 1018 Numquid
1749 963 1893 1002 mare
1946 946 2200 1000 terminos

627 1058 754 1097 suos
784 1043 1020 1112 llnesque
1063 1049 1450 1111 transgressum
1480 1047 1578 1104 est,
1613 1047 1704 1092 aut
1731 1047 1887 1092 terra:
1916 1035 2074 1091 facies
2100 1035 2201 1089 im-

626 1143 821 1187 mutata
850 1131 950 1187 alia
983 1131 1189 1187 insolita
1228 1131 1464 1200 germina
1491 1130 1822 1199 procreavit?
1851 1127 2035 1182 Nonne
2065 1128 2202 1181 sicut

622 1240 688 1280 ex
715 1223 864 1278 initio
890 1222 1034 1277 horis
1073 1221 1354 1276 duodecim
1400 1220 1662 1290 peragitur
1706 1217 1841 1283 dies,
1893 1217 2200 1286 eisdemque

623 1313 906 1369 crementis
932 1310 1129 1366 aestatis
1159 1319 1364 1380 tempus
1386 1350 1402 1374 ,
1446 1307 1634 1379 quibus
1657 1305 1988 1361 detrimentis
2033 1306 2200 1359 hiems

622 1403 926 1474 peragitur?
947 1402 1232 1470 Progenies
1255 1414 1465 1470 quoque
1497 1400 1608 1466 ipsa
1637 1397 1937 1451 mortalium
1967 1395 2083 1449 aliis
2107 1394 2202 1450 de-

621 1495 966 1560 cedentibus,
1020 1492 1138 1546 aliis
1188 1489 1588 1547 succedentibus
1639 1488 1948 1542 terminatos
2016 1486 2202 1540 finiunt

623 1587 760 1642 dies.
787 1584 920 1641 Cum
943 1597 1070 1653 ergo
1091 1582 1288 1647 omnia,
1317 1581 1452 1634 sicut
1475 1596 1538 1634 ex
1566 1579 1714 1633 initio
1742 1577 2027 1632 constituta
2054 1586 2196 1641 sunt,

622 1679 698 1733 ita
721 1682 1065 1739 concurrunt,
1093 1687 1218 1728 suos
1255 1680 1430 1726 motus
1457 1669 1696 1739 ﬁnesque
1740 1669 2035 1730 servantia;
2076 1667 2199 1736 quid

621 1776 705 1822 est
724 1765 865 1836 quod
903 1763 1053 1819 nobis
1093 1761 1427 1832 praedicatur,
1485 1757 1662 1812 Vetera
1712 1757 2039 1823 transierunt,
2092 1772 2202 1811 ecre

623 1864 757 1930 facta
780 1866 894 1913 sunt
926 1855 1093 1909 nova?
1121 1851 1420 1922 Responde,
1452 1866 1485 1903 ο
1528 1849 1708 1912 Paule,
1767 1848 1887 1901 talia
1935 1845 1999 1900 de
2050 1845 2202 1900 nobis

623 1947 947 2018 requirenti;
975 1955 1026 1998 et
1047 1944 1169 2014 quia
1203 1944 1377 1996 minus
1408 1939 1558 1993 valeo
1585 1939 1648 1992 ad
1678 1934 2118 2008 respondendum,
2152 1945 2202 1990 te

622 2040 864 2099 obsecro,
890 2032 1152 2105 responde
1193 2047 1286 2101 pro
1329 2046 1434 2084 me.
1483 2027 1619 2082 Ecce
1666 2027 1786 2080 andi
1843 2025 2196 2095 Apostolum:

622 2127 761 2197 Quid
781 2125 994 2196 quaeris,
1023 2122 1249 2178 carnalis
1277 2119 1516 2186 auditor,
1565 2133 1656 2186 per
1686 2117 1865 2170 oculos
1893 2116 2066 2168 carnis
2112 2131 2197 2168 re-

625 2217 874 2289 spicere?
895 2216 1050 2285 Erige
1095 2212 1287 2268 mentis
1310 2212 1501 2274 aciem,
1531 2217 1587 2262 ut
1615 2205 1753 2276 quod
1789 2205 1983 2260 dicitur
2032 2205 2200 2273 possis

622 2309 944 2378 intelligere,
983 2304 1160 2359 Vetera
1201 2301 1524 2365 transierunt,
1577 2315 1688 2351 ecce
1736 2301 1870 2367 facta
1907 2304 2019 2348 sunt
2052 2311 2196 2346 nova.

621 2399 753 2466 Quae
797 2406 979 2452 vetera
1036 2390 1400 2448 transierunt?
1450 2405 1568 2458 qua:
1621 2386 1756 2441 facta
1832 2395 1954 2439 sunt
2023 2382 2200 2437 nova?

623 2491 832 2548 Primus
853 2489 1017 2552 homo,
1038 2486 1226 2556 inquit,
1248 2483 1308 2537 de
1321 2492 1472 2548 terra,
1501 2490 1725 2534 terrenus
1744 2494 1761 2542 ;
1779 2477 2024 2532 secundus
2051 2477 2198 2529 homo

625 2584 688 2638 de
711 2582 856 2649 calo,
886 2580 1094 2635 caelestis
1120 2578 1160 2648 (l
1188 2576 1306 2632 Cor.
1326 2591 1413 2639 xv,
1440 2573 1550 2644 ιτ).
1572 2571 1802 2626 Transiit
1829 2570 2016 2634 Adam,
2041 2568 2200 2623 homo

622 2681 775 2728 vetus
803 2673 971 2726 factus
996 2686 1062 2724 ex
1087 2668 1214 2722 limo
1243 2684 1257 2718 :
1286 2666 1430 2720 venit
1449 2663 1713 2719 Christus.
1737 2662 1875 2715 Deus
1896 2659 2053 2716 homo
2075 2659 2200 2714 mis-

621 2781 716 2821 sus
734 2779 765 2820 e
793 2763 950 2819 caelo.
983 2761 1215 2817 Transiit
1242 2769 1471 2814 vetustas
1499 2755 1776 2821 mentium,
1805 2754 2027 2808 accessit
2053 2752 2198 2806 novi-

625 2869 706 2913 tas
735 2855 1066 2912 credentium
1100 2870 1112 2906 :
1144 2852 1352 2906 transiit
1395 2850 1498 2903 vita
1532 2847 1778 2904 carnalis.
1811 2847 2064 2900 successit
2093 2846 2200 2915 spi-

622 2946 844 3003 ritualis.
885 2950 966 2998 An
998 2957 1155 3014 parva
1186 2951 1266 2995 est
1310 2941 1513 2994 novitas
1542 2941 1672 3001 tunc,
1724 2938 1792 2990 ita
1842 2935 2198 2990 demonstrata

624 3053 722 3109 per
751 3035 1019 3090 hominem
1050 3032 1235 3098 Deum,
1260 3041 1315 3084 ut
1344 3027 1618 3084 moriendo
1647 3025 1941 3094 susciperet
1969 3032 2200 3077 vetusta-

624 3141 732 3185 tem
772 3138 935 3193 tuam,
967 3123 1290 3195 resurgendo
1337 3120 1641 3175 ostenderet
1695 3119 1980 3171 novitatem
2035 3125 2196 3181 tuam,

623 3217 964 3276 ascendendo
1009 3217 1243 3271 firmaret
1271 3213 1564 3267 claritatem
1606 3207 1780 3263 tuam?
1805 3205 1993 3261 Vetera
2024 3215 2199 3260 trans-

624 3315 842 3370 ierunt:
871 3327 989 3382 qua:
1027 3319 1206 3365 vetera
1263 3303 1626 3361 transierunt?
1675 3301 1824 3370 Quod
1898 3300 2058 3355 eratis
2109 3297 2198 3352 lilii

625 3404 816 3467 Adam,
843 3403 932 3456 lilii
969 3401 1232 3456 carnales.
1279 3398 1420 3452 Nova
1461 3403 1798 3451 accesserunt
1828 3410 1839 3446 :
1865 3409 1981 3462 qua:
2029 3392 2200 3446 nova?

625 3493 776 3560 Quod
797 3491 1066 3548 eilicimini
1098 3490 1190 3544 lilii
1223 3490 1439 3552 Dei,lilii
1470 3484 1987 3556 spii-ituales.\'etera
2021 3492 2198 3537 trans-

627 3587 840 3648 ierunt;
870 3593 1010 3638 terra
1060 3582 1222 3636 eratis
1253 3598 1267 3634 :
1297 3595 1423 3634 ecce
1447 3579 1580 3634 facta
1609 3587 1730 3632 sunt
1760 3592 1922 3637 nova;
1947 3575 2068 3631 θωιί
2094 3576 2199 3646 jam

627 3689 765 3745 pene
787 3671 962 3727 eti‘ecti
1008 3672 1156 3726 estis.
1209 3667 1333 3724 Caeli
1380 3669 1519 3722 enim
1565 3676 1804 3720 enarrant
1846 3665 2058 3736 gloriam
2112 3663 2203 3718 Dei

629 3760 800 3836 (Psal.
835 3777 981 3828 xvnt,
1006 3760 1083 3831 l).
1109 3759 1225 3814 Non
1252 3759 1401 3813 vobis
1431 3757 1756 3826 impossibile
1778 3757 2038 3822 videatur,
2061 3755 2201 3825 quod

628 3869 748 3910 cum
795 3852 910 3908 sitis
935 3858 1233 3916 terrestres,
1287 3848 1586 3904 elﬁciamini
1631 3847 1892 3917 caelestes.
1943 3847 2015 3900 De
2063 3841 2218 3899 terra'

629 3958 734 3999 non
760 3943 886 3997 facit
907 3941 1124 4003 ctelum,
1153 3940 1241 4009 qui
1261 3939 1326 3993 de
1352 3938 1515 3992 nihilo
1543 3935 1664 3991 fecit
1704 3945 1895 3990 terram
1913 3935 2204 3990 etcmlum?

630 4034 823 4089 Vetera
851 4031 1208 4093 transierunt;
1243 4027 1442 4098 lapides
1471 4027 1759 4082 colebatis:
1791 4041 1920 4080 nova
1964 4040 2204 4080 accesse-

630 4133 785 4186 runt;
833 4120 997 4176 Deum
1048 4133 1233 4174 verum
1300 4117 1549 4171 adoratis.
1606 4116 1793 4170 Vetera
1842 4116 2199 4179 transierunt;

629 4213 839 4268 transiit
881 4211 1212 4266 mortalitas:
1241 4223 1372 4263 nova
1408 4217 1771 4268 accesserunt;
1809 4208 2066 4276 promissa
2119 4218 2204 4262 est

630 4303 1023 4364 immortalitas.
1058 4301 1247 4356 Vetera
1279 4300 1632 4364 transierunt;
1663 4299 1893 4368 perierat.
1916 4299 2087 4352 omnis
2116 4313 2205 4353 ca-

630 4413 693 4454 ro
736 4413 832 4468 per
873 4395 1149 4449 mulierem
1193 4393 1349 4447 simul
1402 4406 1522 4445 cum
1578 4392 1693 4445 viro
1747 4401 2000 4460 peccante
2029 4409 2041 4445 :
2069 4407 2204 4446 nova

632 4493 1008 4549 accesserunt;
1034 4491 1274 4553 reparata
1296 4490 1380 4536 est
1404 4495 1549 4543 caro,
1579 4481 1694 4535 sine
1730 4480 1845 4534 viro
1873 4481 2075 4550 virgine
2109 4495 2204 4550 pa-

633 4580 823 4635 riente.
853 4573 1044 4630 Vetera
1073 4571 1422 4635 transierunt;
1463 4569 1667 4624 transiit
1706 4570 1851 4638 regio
1885 4571 2202 4625 vetustatis:

633 4685 767 4726 nova
794 4672 1172 4731 accesserunt;
1202 4661 1438 4718 succedit
1456 4661 1748 4717 Jerusalem
1767 4661 1952 4716 civitas
1973 4663 2207 4718 cmlestis

633 4760 901 4815 novitatis.
926 4758 1006 4812 Ad
1033 4756 1169 4811 hanc
1189 4754 1454 4809 civitatem
1479 4768 1663 4808 novam
1691 4755 1970 4825 pervenire
1990 4756 2203 4826 cupitis,

632 4854 722 4925 qui
753 4853 965 4908 nomina
995 4860 1169 4907 vestra
1205 4846 1586 4905 conscribenda
1611 4847 1852 4904 dedistis.

703 4965 929 5023 CAPUT
963 4965 1174 5021 ll.-—2.
1202 4961 1600 5020 Festinemstsad
1629 4964 1863 5032 patriam.
1901 4961 2110 5036 Navigit'
2128 4965 2209 5018 in-

636 5058 866 5115 structio.
891 5057 1005 5122 Eia,
1034 5055 1225 5112 fratres
1249 5057 1374 5124 mei,
1414 5057 1662 5112 ardenter
1693 5055 2059 5110 desideremus
2082 5071 2208 5124 pro-

635 5148 804 5221 priam
833 5147 1090 5216 patriam;
1121 5149 1596 5217 peregrinationem
1626 5147 1802 5212 istam,
1838 5161 1957 5216 quae
2001 5160 2100 5200 nos
2142 5147 2210 5202 ab

637 5256 701 5296 ea
725 5238 901 5294 adhuc
937 5237 1159 5301 detinet,
1183 5237 1489 5304 toleremus,
1539 5253 1646 5294 non
1681 5252 1921 5293 amemus
1944 5254 1964 5306 ε
1995 5237 2212 5293 festine-

638 5348 761 5390 mus
791 5341 989 5387 tamen.
1013 5329 1129 5386 Non
1157 5339 1239 5386 est
1261 5345 1423 5400 quare
1453 5331 1538 5385 hic
1568 5341 1744 5396 stare;
1774 5345 1872 5386 nec
1907 5332 2112 5386 invenis
2155 5331 2210 5386 in

637 5423 858 5490 saeculo,
889 5420 1029 5492 quod
1055 5421 1166 5491 jam
1191 5421 1364 5492 possis
1393 5436 1591 5476 amare.
1618 5422 1736 5491 ipse
1759 5423 1904 5477 enim
1933 5438 2085 5478 amor
2122 5439 2214 5494 pa-

637 5522 868 5580 rentum,
897 5512 1201 5584 conjugum,
1224 5509 1820 5574 filiorum,facultatum.
1851 5523 1942 5569 aut
1965 5530 2211 5586 magnum

638 5605 956 5678 quihusdam
977 5605 1316 5662 incusserunt
1341 5602 1602 5666 laborem,
1631 5614 1720 5658 aut
1737 5619 1981 5675 magnum
2004 5607 2218 5678 pariunt

642 5697 886 5756 timorem
915 5714 928 5752 :
958 5710 1163 5771 nonest
1187 5708 1352 5772 quare
1383 5692 1468 5751 hic
1489 5701 1650 5754 stare.
1682 5693 1868 5754 Melius
1895 5697 2035 5768 enim
2067 5699 2214 5757 testi-

1557 291 1644 348 DE
1684 289 1972 349 CANTlCO
2008 289 2224 355 NOV‘O,
2273 303 2412 353 ενα,
2453 290 2508 344 S.
2545 283 2909 346 AUGUSTINI

2312 420 2487 474 nando
2519 422 2819 490 appetimus
2844 422 3184 489 sempiterna,
3219 434 3374 490 quam
3420 422 3500 478 hic
3531 432 3771 488 retrusam

2309 510 2486 564 saeculi
2510 526 2607 566 nos
2634 510 3000 580 apprehendat
3017 510 3188 566 ruina.
3213 510 3770 581 Praaparemussitarciam.

3853 545 3855 584 l

2307 601 2772 668 appreliendamus
2806 610 2862 656 et
2889 601 3240 656 ascendamus
3287 616 3464 657 navem
3505 604 3636 658 fidem
3674 609 3774 665 simul
3853 671 3855 676 η

2309 699 2364 746 et
2389 705 2602 745 crucem
2636 692 2675 755 ί,
2707 706 2805 746 nec
2830 691 2968 745 desit
3006 689 3237 744 anchora
3275 704 3394 760 spes
3428 701 3600 747 nostra:
3639 697 3767 763 salutis,

2307 783 2654 837 extendamus
2699 783 2851 837 funes
2887 781 3125 837 diversas
3171 783 3410 847 virtutes,
3451 784 3552 836 vela
3585 785 3775 842 climatis

2305 874 2616 942 colligamus
2633 875 2676 941 ',
2716 875 3026 927 invocemus
3051 882 3266 926 ventum
3306 887 3592 941 prosperum
3627 876 3776 930 verbum
3839 931 3844 934 .

2309 962 2434 1026 Dei;
2461 963 2834 1017 exliauriamus
2855 963 3119 1016 sentinam
3144 977 3173 1014 a
3199 962 3443 1032 peccatis,
3463 977 3549 1030 per
3567 964 3782 1036 eleemosy-
3843 949 3855 1014 λ

2273 1063 2279 1068 ’
2307 1069 2402 1108 nas
2431 1053 2716 1109 mandetur
2741 1053 3084 1108 conscientia.
3117 1052 3243 1111 Non.
3265 1052 3562 1119 impediatur
3580 1054 3700 1124 hujus
3717 1073 3784 1109 no-
3839 1083 3846 1118 ;

2305 1145 2402 1199 stri
2446 1158 2634 1199 cursus
2665 1145 2880 1213 navigii,
2910 1152 3160 1213 cperetur
3186 1141 3427 1196 manibus
3459 1151 3509 1196 ιιι
3533 1147 3781 1211 possuinus’.
3839 1127 3846 1142 ’

2306 1235 2548 1290 Manibus
2575 1235 2684 1290 suis
2710 1234 2972 1289 sentinam
3003 1233 3351 1288 exhauriebat
3372 1233 3456 1302 qui
3479 1233 3685 1286 dicebat:
3705 1233 3784 1286 lla-

2305 1327 2450 1380 nibus
2478 1327 2599 1380 meis
2623 1342 2789 1380 coram
2810 1342 2866 1379 eo
2891 1334 3051 1387 nocte,
3083 1333 3126 1378 ct
3165 1340 3266 1378 non
3305 1340 3416 1376 sum
3449 1323 3782 1394 deceptus(Psal.

2307 1432 2462 1470 LXX"
2487 1458 2502 1480 ,
2555 1416 2629 1485 ὅ).
2675 1416 2790 1470 Νοιι
2833 1416 3158 1485 negligamus
3185 1424 3367 1468 nostra
3400 1416 3784 1483 peccatazminuu

2304 1517 2448 1572 sunt,
2472 1506 2563 1560 sed
2586 1505 2748 1560 multa
2769 1515 2911 1560 sunt.
2937 1504 3155 1560 Fluctus
3177 1521 3313 1558 unus
3331 1504 3526 1558 validus
3546 1505 3712 1559 irruens
3728 1507 3785 1559 ob-
3849 1507 3852 1546 ἶ

2303 1599 2408 1652 ruit
2444 1613 2671 1665 navem,
2707 1599 3039 1667 minaturque
3082 1596 3412 1666 naufragium
3445 1614 3458 1649 :
3489 1595 3652 1649 humor
3669 1605 3784 1650 autem

2308 1703 2400 1756 per
2429 1688 2589 1742 rimas
2616 1687 2841 1742 influens
2874 1695 2930 1741 et
2965 1688 3014 1739 in
3046 1687 3312 1740 sentinam
3339 1685 3564 1750 veniens,
3596 1684 3678 1738 nisi
3706 1685 3784 1738 sab-

2305 1778 2426 1833 inde
2456 1778 2702 1842 siccetur,
2737 1777 2836 1831 hoc
2865 1776 3005 1831 idem
3037 1775 3181 1830 facit.
3229 1776 3370 1846 Ergo
3389 1775 3689 1829 exhauriatur
3707 1791 3786 1828 seti-

2307 1870 2434 1933 tina,
2462 1884 2568 1924 non
2589 1869 2880 1938 negligatur
2907 1867 3306 1932 misericordia;
3337 1865 3454 1936 quia
3482 1865 3786 1934 elcemosynat

2304 1972 2474 2016 morte
2508 1962 2716 2019 linerat.
2748 1973 2800 2017 et
2831 1964 2938 2031 ipsa
2969 1973 3155 2032 purgat
3195 1970 3409 2030 peccata
3435 1962 3451 2030 (
3476 1959 3591 2013 Tob.
3617 1975 3683 2023 iv,
3710 1959 3786 2027 ll).

2309 2053 2459 2106 Adsit
2497 2062 2673 2106 nostra
2706 2053 2864 2107 tutela
2895 2053 3089 2108 Christi
3133 2053 3326 2122 gratia,
3368 2052 3592 2107 celeuma
3619 2059 3784 2103 nostrum

2303 2141 2458 2196 dulce
2499 2153 2775 2196 Cantemus
2808 2142 3067 2206 Alleluia;
3115 2153 3169 2196 ιιι
3199 2142 3307 2195 ιωιί
3333 2156 3396 2195 ac
3415 2140 3575 2195 securi
3602 2137 3788 2208 ingredia-

2303 2247 2421 2284 mur
2459 2232 2832 2301 sempiternam
2863 2248 2927 2287 ac
2957 2231 3317 2286 felicissimam
3359 2231 3585 2301 patriam.
3610 2229 3699 2284 Non
3720 2244 3788 2282 tue-

2303 2321 2610 2373 tuatanitna
2641 2336 2786 2375 mare
2819 2321 2917 2376 llOC
2945 2337 3191 2390 magnum
3215 2363 3230 2387 ,
3265 2321 3510 2376 saeculum
3536 2321 3712 2383 scilicet,
3729 2336 3785 2372 cu-
3837 2339 3848 2392 ι

2296 2411 2384 2482 jus
2407 2412 2595 2467 (luctus
2624 2428 2685 2467 ac
2719 2413 2954 2468 turbines
2980 2414 3242 2468 sentimus
3270 2412 3504 2467 inimicas
3522 2409 3672 2464 szeculi
3695 2420 3784 2480 pote-

2301 2513 2486 2558 states.
2533 2502 2586 2556 In
2620 2504 2727 2558 Deo
2761 2511 3034 2572 sperantes
3063 2503 3216 2556 multi
3243 2502 3354 2571 jam
3383 2502 3540 2556 sancti
3565 2499 3646 2553 hos
3665 2499 3784 2552 noctis

2300 2605 2638 2664 spreverunt,
2663 2595 2810 2649 multi
2838 2595 3196 2656 calcaverunt,
3229 2593 3392 2648 multi
3409 2607 3558 2662 super
3573 2593 3665 2660 ejus
3683 2603 3783 2658 aquas

2301 2685 2632 2740 ambulantes
2643 2688 2814 2740 securi
2829 2685 2894 2739 ad
2911 2687 3127 2754 patriam
3145 2693 3514 2754 pervenerunt.
3527 2683 3617 2739 Sed
3628 2680 3784 2748 exsurgit

2301 2784 2488 2830 ventus
2507 2775 2710 2830 validus
2726 2784 2780 2830 et
2806 2790 2992 2844 magna
3024 2785 3335 2844 tempestas,
3358 2789 3449 2828 sua
3466 2773 3684 2843 cujusque
3697 2770 3785 2837 etpl-

2302 2865 2458 2921 ditas.
2479 2866 2690 2919 'l‘itubat
2707 2865 2834 2920 fides
2853 2867 2901 2918 in
2918 2866 3272 2932 mari,clantet
3292 2867 3410 2920 inte
3425 2861 3779 2924 Petrus,Domiue,

2303 2971 2495 3024 pereo:
2520 2955 2665 3009 dabit
2698 2971 2910 3010 manum
2942 2957 3219 3025 mergenti,
3243 2970 3339 3009 nec
3355 2956 3470 3009 sinit
3500 2946 3784 3021 perircilleuli

2301 3055 2517 3116 propter
2540 3062 2636 3101 nos
2671 3061 2831 3116 super
2851 3061 3012 3117 aquas
3027 3046 3278 3116 dignatus
3296 3039 3784 3111 estambularelllattt.

2301 3155 2408 3204 xw,
2436 3137 2669 3209 25-32).
2715 3138 2845 3194 Vide
2885 3138 3184 3208 apostolum
3218 3138 3459 3196 Paulum,
3482 3137 3573 3188 hoc
3605 3130 3787 3198 navigium

2303 3250 2409 3289 non
2453 3232 2625 3288 solum
2665 3229 3116 3284 demonstrantem
3138 3270 3152 3292 ,
3184 3243 3372 3282 verum
3402 3226 3551 3281 etiam
3576 3219 3786 3278 asceam:

3835 3191 3846 3262 ἓ

2304 3335 2432 3392 tem,
2463 3335 2518 3380 et
2551 3339 2706 3394 quam
2745 3321 3000 3392 plurimos
3023 3321 3365 3376 invitantem.
3407 3317 3607 3386 Quando
3629 3311 3787 3372 dicunt,

2304 3416 2558 3472 Habentes
2595 3415 2778 3468 victum
2830 3423 2875 3467 et
2918 3422 3287 3484 tegumentum,
3336 3411 3412 3465 his
3467 3406 3656 3463 contenti
3687 3404 3787 3456 simu

2305 3509 2358 3582 (l
2392 3507 2522 3562 Tim.
2553 3523 2625 3573 vi,
2657 3504 2760 3576 8);
2791 3503 2916 3575 quid
2946 3503 3086 3557 aliud
3117 3518 3278 3574 quam
3303 3508 3659 3570 competentein
3679 3497 3785 3547 sitar-

2303 3601 2438 3656 ciam
2470 3598 2838 3668 imponendum
2865 3611 2984 3651 esse
3011 3594 3376 3650 ιιίοιιειηιὶι.ιι⁴ἰ
3401 3591 3602 3661 Quando
3624 3585 3788 3644 dicebat.

2306 3691 2436 3747 Mihi
2461 3701 2626 3744 autem
2653 3689 2778 3743 absit
2804 3688 3010 3760 gloriari
3037 3730 3052 3754 ,
3085 3687 3179 3740 nisi
3218 3687 3274 3740 in
3314 3701 3457 3740 cruce
3495 3679 3664 3735 Domini
3685 3670 3790 3727 nostri
3837 3670 3842 3724 ἶ

2303 3781 2426 3836 Jcsu
2453 3781 2634 3835 Christi
2675 3796 2761 3849 per
2797 3795 2940 3848 quem
2986 3778 3108 3830 mihi
3152 3777 3371 3831 ntnndns
3409 3773 3650 3842 cruciﬁxus
3677 3770 3788 3830 ειμι

2305 3888 2395 3943 ego
2420 3871 2603 3924 mundo
2627 3869 2818 3938 (Galat.
2841 3885 2913 3933 vt,
2940 3868 3051 3937 Ui);
3076 3881 3262 3922 navem
3291 3865 3607 3922 ascendebat.
3631 3853 3783 3926 Quando

2305 3961 2532 4028 diccbat,
2563 3959 2762 4013 lnduite
2787 3975 2870 4014 vos
2895 3961 3021 4013 sicut
3049 3959 3190 4013 electi
3220 3958 3335 4018 Dei.
3370 3956 3655 4028 benignitate,
3680 3944 3785 4001 ltuit"

2308 4055 2479 4119 litate,
2518 4054 2928 4124 longanimitate,
2964 4053 3348 4106 mansuetudine
3381 4050 3595 4121 (Coloss.
3621 4059 3682 4107 ιιι,
3705 4037 3782 4098 ιιι

2306 4144 2430 4216 quid
2458 4143 2595 4198 aliud
2622 4159 2778 4213 quam
2815 4142 2965 4197 funes
2991 4141 3348 4198 extendebat?
3383 4137 3585 4207 Quando
3617 4128 3780 4188 dicebat.

2309 4235 2482 4290 Manet
2519 4235 2678 4304 ﬁdes,
2721 4250 2868 4305 spes,
2915 4233 3167 4299 Charitas;
3219 4236 3385 4303 major
3435 4233 3594 4284 horum
3635 4220 3782 4278 εὴιπὶιω

2309 4326 2327 4397 (
2350 4325 2367 4378 1
2403 4324 2519 4379 Cor.
2567 4340 2681 4389 χιιι,
2715 4323 2843 4394 l5);
2891 4325 3002 4378 vela
3043 4323 3345 4393 colligebat.
3386 4320 3591 4390 Quando
3625 4311 3780 4370 dicebat.

2317 4415 2532 4470 Verbum
2555 4415 2645 4469 Dei
2671 4415 2853 4469 habitet
2873 4416 2924 4468 in
2951 4415 3086 4469 vobis
3105 4416 3416 4470 abundanter
3441 4411 3614 4484 (Coloss
3646 4397 3778 4465 uulsi;

2309 4516 2520 4559 ventum
2545 4519 2851 4574 prosperum
2879 4504 3176 4559 invocabat.
3221 4504 3440 4573 Quando
3465 4499 3661 4559 dicebat,
3686 4491 3779 4556 Ill"

2309 4596 2536 4667 tigabiles
2555 4600 2738 4667 itaque,
2762 4597 2881 4650 dum
2905 4607 3098 4666 tempus
3125 4597 3382 4658 habemus,
3407 4585 3779 4666 operemurbousm

2309 4687 2375 4740 ad
2397 4702 2564 4740 omnes
2595 4685 2787 4758 (Galat.
2811 4704 2886 4749 vr,
2912 4687 3024 4758 10);
3053 4699 3126 4754 et,
3159 4687 3432 4758 Operantes
3461 4680 3650 4753 proprii!

2310 4776 2401 4830 bus
2424 4756 2612 4834 uestris
2636 4776 2687 4848 (l
2717 4777 2890 4832 Thess.
2922 4756 2994 4843 tv,
3026 4779 3083 4833 Η
3114 4783 3129 4844 )
3158 4795 3172 4831 :
3204 4756 3330 4848 quid
3357 4776 3486 4831 aliud
3513 4783 3647 4842 quam
3674 4756 3779 4820 sculi-

2311 4884 2431 4924 nam
2461 4869 2731 4924 exhauriri
2769 4871 3143 4939 praecipiebat?
3184 4870 3406 4936 Quando
3441 4865 3640 4925 dicebat,
3664 4849 3780 4908 (ἐνείη

2310 4961 2433 5014 salvi
2462 4961 2581 5031 [acti
2601 4962 2717 5015 estis
2741 4959 2956 5032 (Ep/tes.
2982 4977 3039 5022 ιι.
3062 4961 3140 5031 8);
3169 4963 3382 5016 tutelam
3403 4955 3643 5013 exorabat.
3663 4946 3780 5012 0W“

2312 5050 2380 5106 do
2404 5052 2610 5107 dicebat
2633 5094 2647 5116 ,
2680 5051 2706 5104 I
2715 5069 2748 5104 ιι
2777 5053 2983 5121 psalmis
3007 5063 3056 5106 et
3084 5055 3282 5124 hymnis
3305 5061 3544 5107 cantantes
3565 5047 3608 5098 in
3622 5034 3780 5096 cordth

2312 5141 2484 5195 vestris
2513 5141 2725 5196 Domino
2747 5140 2858 5212 (Id.
2890 5159 2944 5208 v,
2974 5143 3088 5214 t9);
3117 5144 3349 5200 celeuma
3371 5148 3583 5196 sanetum
3604 5125 3776 5187 docebat.

2313 5230 2533 5299 Quando
2558 5232 2785 5300 dicebat,
2809 5234 2915 5305 Spe
2937 5236 3063 5289 salvi
3088 5237 3211 5306 facti
3238 5252 3402 5291 sumus
3423 5232 3575 5305 (Rom.
3601 5237 3685 5282 vui,

2314 5324 2601 5382 anclioram
2623 5325 2673 5381 in
2694 5327 2945 5382 cordibus
2972 5305 3304 5383 credentium
3327 5327 3517 5398 ﬁgebat.
3540 5311 3710 5386 Quando
3726 5305 3778 5356 di-

2381 5465 2397 5496 ι
2431 5472 2504 5515 Sic
2521 5470 2628 5516 Mss.
2653 5473 2708 5516 At
2730 5471 2822 5527 Er.,
2847 5464 2948 5530 fide
2976 5466 3120 5518 simul
3139 5471 3185 5518 et
3208 5478 3362 5518 cruce.
3386 5472 3502 5521 tota,
3522 5449 3734 5524 Μάείνίευ
3749 5442 3778 5487 θ’

3628 5566 3777 5620 [idem

2319 5538 2730 5653 frfggionensis
2745 5594 2848 5653 κει-ν
2872 5587 3184 5653 collocemus;
3205 5598 3257 5642 et
3273 5588 3495 5653 aliquanto

2319 5629 3557 5716 aegra“:'aémmﬁésngstzaizmﬁliaiam
3571 5629 3721 5689 citabat-

2386 5711 2406 5743 ³
2442 5715 2489 5758 ιιι
2511 5715 2638 5773 Mss,
2667 5715 2718 5760 ut
2741 5709 2829 5762 hoc
2853 5709 3102 5775 possimus.

3829 3415 3856 3879 ἓ
