3860 6396
83 362 161 422 681

78 480 221 545 cebat,
243 474 515 531 Jerusalem
548 487 647 542 qua
692 484 891 525 arcum
927 472 999 521 est
1020 507 1036 533 ,
1078 463 1234 519 libera
1272 471 1367 530 est,
1393 476 1504 532 qua:
1529 468 1601 516 est

78 582 205 629 mater
224 580 385 625 nostra
412 567 432 638 (
457 566 624 621 Galat.
653 580 724 630 ιν,
748 563 819 619 26
841 560 895 635 );
927 562 1096 632 ipsam
1126 558 1351 631 patriam
1380 556 1603 612 demon-

75 667 253 723 strabat.
282 661 499 730 Quando
518 658 739 724 dicebat,
778 656 875 713 Ubi
902 664 997 723 est,
1025 671 1180 719 mors,
1211 652 1463 708 contentio
1486 649 1602 703 tua?

76 758 237 815 Gratias
271 753 373 809 Deo
395 794 411 821 ,
457 752 546 822 qui
578 750 712 805 dedit
749 749 892 804 nobis
919 746 1181 802 victoriam
1208 760 1299 815 per
1320 741 1601 798 Dominum

72 859 255 903 nostrum
267 845 436 900 Iesum
452 842 706 901 Christum
731 840 774 912 (l
795 840 914 895 Cor.
936 856 1025 909 xv,
1048 840 1138 905 55,
1155 838 1271 908 57);
1299 852 1407 892 non
1426 833 1601 891 adhuc

72 942 111 996 in
130 938 239 995 mari
265 934 668 1008 periclitabatur,
696 932 792 989 sed
814 932 925 1003 jam
944 932 1001 986 in
1020 930 1235 1001 propria
1258 928 1430 1000 patria
1450 927 1599 981 laeta-

70 1032 206 1087 batur.
233 1028 272 1086 Ο
299 1028 494 1099 optime
516 1025 861 1098 gubernator,
889 1039 923 1080 ο
950 1022 1311 1095 pulcherrime
1344 1018 1600 1092 magister

70 1130 111 1179 et
130 1120 307 1183 doctor,
332 1117 577 1184 docuisti,
608 1116 808 1183 fecisti;
850 1123 905 1171 et
933 1113 1055 1171 ideo
1078 1113 1325 1170 celeriter
1350 1111 1598 1185 perveni-

73 1214 137 1280 sti,
155 1212 255 1285 quia
277 1225 385 1280 quae
431 1208 685 1274 docuisti,
708 1207 856 1279 prior
874 1207 990 1277 ipse
1010 1206 1201 1262 fecisti.

125 1302 311 1360 CAPUT
347 1300 432 1357 ill.
461 1331 533 1341 —
560 1301 613 1357 3.
646 1299 723 1353 De
745 1299 825 1353 via
850 1298 1071 1353 terrestri
1091 1297 1160 1352 ad
1189 1297 1431 1368 patriam,
1461 1303 1509 1350 et
1536 1296 1599 1350 de

73 1398 249 1467 jumequ
267 1402 557 1466 opportuno.
588 1390 645 1450 Si
688 1392 807 1464 quis
850 1389 1011 1459 forte,
1059 1397 1119 1445 ut
1156 1390 1374 1456 assolet,
1405 1388 1599 1459 refugit

84 1485 307 1555 navigium,
328 1493 377 1540 et
428 1484 677 1539 insolitos
725 1482 918 1538 ﬂuctus
944 1480 1109 1536 maris
1145 1479 1427 1545 horrescit,
1457 1478 1599 1533 desi-

90 1580 279 1649 demque
305 1578 393 1633 iter
411 1576 705 1643 conficere,
732 1590 861 1646 quo,
882 1574 983 1630 etsi
1008 1572 1231 1639 tardius,
1260 1571 1329 1627 ad
1368 1572 1596 1642 patriam

87 1670 211 1725 valeat
230 1670 534 1741 pervenire;
579 1667 960 1724 demonstrabo
1007 1666 1170 1733 viam,
1210 1664 1319 1720 imo
1371 1664 1487 1735 ipsa
1540 1678 1599 1719 sc

78 1762 337 1818 demonstrat
358 1762 465 1819 via.
492 1761 636 1818 Ecce
658 1762 713 1816 in
751 1760 1041 1831 Evangelio
1096 1761 1291 1814 clamat
1331 1756 1596 1826 Salvator,

76 1850 158 1923 Ego
174 1869 267 1907 sum
283 1854 356 1907 via
378 1850 400 1925 (
425 1852 590 1907 Joan.
642 1867 758 1920 11v,
805 1849 909 1923 6).
943 1850 1119 1907 Habes
1167 1851 1328 1918 vhm,
1361 1849 1596 1916 ambula,

76 1944 275 2000 sollicitus
292 1952 463 2001 tamen
483 1944 645 2000 doma
661 1943 962 2016 jumentum
980 1951 1149 2009 tuum,
1172 1957 1389 1999 carnem
1412 1951 1555 1997 tuam
1580 1958 1595 2008 ;

73 2035 145 2106 ipsi
160 2036 276 2091 enim
309 2037 498 2093 insidet
547 2037 724 2092 anima
754 2046 861 2092 tua.
891 2037 1170 2105 Quomodo
1217 2037 1263 2091 si
1290 2037 1344 2091 in
1384 2036 1486 2092 hac
1511 2037 1599 2091 via

74 2129 231 2184 mortali
263 2129 496 2199 iumento
523 2129 811 2199 insideres,
867 2129 1009 2199 quod
1038 2138 1090 2185 te
1135 2128 1413 2200 gestiendo
1440 2128 1602 2183 vellet

75 2222 381 2292 praecipitare;
423 2239 611 2279 nonne
650 2232 709 2278 ut
733 2237 956 2279 securus
1002 2224 1103 2279 iter
1147 2238 1356 2295 ageres,
1401 2222 1600 2278 cibaria

80 2310 286 2371 ferocienti
312 2315 677 2383 subtraheres,
700 2325 755 2371 et
798 2315 939 2371 fame
977 2315 1227 2370 domares
1263 2314 1404 2385 quod
1446 2312 1601 2369 freno

77 2407 353 2477 nonposses?
387 2409 528 2464 Caro
584 2418 766 2464 nostra
814 2408 1119 2479 jumentum
1172 2417 1414 2463 nostrum
1464 2416 1591 2463 est:

76 2494 145 2552 iter
161 2498 334 2569 agimus
356 2500 409 2555 in
430 2500 737 2557 Jerusalem
764 2515 781 2567 ;
823 2500 1139 2572 plerumque
1158 2515 1255 2555 nos
1280 2501 1420 2571 rapit
1445 2515 1593 2569 caro,

78 2587 170 2645 etde
181 2591 251 2645 via
275 2600 492 2648 conatur
510 2592 847 2650 excludere'.
870 2592 1001 2648 Tale
1021 2607 1149 2664 ergo
1173 2593 1472 2663 jumentum
1502 2608 1599 2648 co-

76 2676 287 2739 hibeamus
306 2685 539 2757 jejuniis.
570 2684 703 2741 Vide
728 2684 874 2740 illum
893 2688 1307 2756 gubernatorem
1323 2685 1599 2741 eumdem-

77 2778 378 2846 queviatorem
397 2780 703 2853 apostolum
719 2780 962 2846 Paulum,
983 2778 1106 2835 vide
1136 2778 1280 2833 illum
1301 2779 1600 2849 jumentum

75 2883 181 2927 suum
190 2874 525 2932 domantemJ
534 2892 571 2928 η
583 2876 736 2947 fame,
751 2874 939 2945 inquit,
955 2882 998 2928 et
1013 2871 1117 2940 siti,
1133 2874 1185 2929 in
1188 2872 1600 2944 jejuniissaepius

80 2960 121 3031 (ll
130 2962 219 3019 Cor.
232 2983 297 3033 ιι,
309 2968 420 3041 27),
432 2970 629 3039 castigo
645 2984 825 3039 corpus
842 2984 1025 3034 meum,
1044 2976 1092 3022 et
1108 2966 1160 3021 in
1170 2967 1452 3022 servitutem
1461 2966 1571 3020 redi
1576 2991 1601 3006 -

76 3055 479 3133 90(le.11,27).
499 3062 579 3116 Ita
599 3076 727 3133 ergo
739 3069 793 3116 et
808 3069 886 3129 tu,
899 3060 989 3132 qui
1009 3059 1282 3116 ambulare
1301 3060 1594 3127 desideras,

80 3145 189 3205 doma
201 3167 393 3210 carnem
410 3164 582 3220 tuam,
600 3153 897 3209 etambula.
914 3151 1172 3208 Ambulas
1185 3150 1347 3217 enim,
1362 3151 1409 3207 si
1427 3166 1596 3207 amas.

18 3262 25 3301 :
78 3236 157 3296 Non
168 3244 283 3299 enim
293 3246 357 3301 ad
374 3246 548 3304 Deum
563 3246 828 3317 passibus,
843 3244 938 3301 sed
953 3244 1232 3300 ail'ectibus
1243 3244 1524 3300 currimus.

20 3318 21 3323 γ
125 3332 308 3393 CAPUT
342 3337 429 3394 Ν.
447 3369 522 3380 -
551 3339 607 3394 4.
634 3336 713 3393 De
736 3336 1105 3392 ambulantium
1132 3336 1402 3405 multiplici
1443 3351 1597 3408 gene-

24 3452 31 3483 L
78 3438 127 3479 tt.
146 3425 222 3483 Via
238 3444 354 3502 ergo
372 3432 473 3487 ista
492 3438 681 3487 nostra
700 3430 1035 3485 ambulantes
1067 3429 1281 3500 quaerit.
1311 3428 1435 3484 Tria
1477 3436 1601 3483 sunt

26 3514 37 3567 ξ
81 3514 495 3601 hminumgenera
523 3539 647 3595 quae
693 3522 845 3579 odit:
881 3530 1269 3588 remanentem,
1320 3528 1467 3577 retro
1515 3536 1602 3577 re-

80 3605 658 3682 deuntem,aberrantem.
686 3616 770 3672 Ab
814 3614 900 3672 his
943 3615 1115 3672 tribus
1138 3614 1422 3686 generibus
1444 3614 1601 3670 malis

82 3695 249 3760 Domino
268 3707 553 3779 adjuvante
594 3708 891 3764 vindicetur
944 3716 998 3764 et
1042 3706 1359 3764 defendatur
1383 3722 1601 3779 gressus

86 3801 226 3849 noster.
259 3798 369 3855 iam
397 3816 532 3858 vero
557 3815 679 3857 cum
719 3799 1054 3874 ambulantes
1090 3814 1296 3866 sumus,
1324 3799 1465 3855 alius
1488 3808 1601 3854 tar-

84 3881 400 3962 dinsamhulst,
428 3896 572 3952 alius
620 3894 849 3952 celerius
892 3892 1148 3959 ambulat,
1200 3901 1379 3949 tamen
1408 3893 1595 3948 ambu-

84 3971 173 4032 lant.
196 3982 445 4043 Excitandi
460 3995 590 4042 sunt
627 4000 754 4057 ergo
790 3993 1151 4051 remanentes,
1181 3993 1326 4040 retro
1374 3983 1604 4040 redeun-

26 4088 29 4135 Γ
88 4070 422 4147 ιεδῐᾶνοαίηᾱί,
448 4086 697 4135 errantes
717 4077 769 4133 in
789 4077 929 4132 viam
944 4075 1193 4141 ducendi,
1224 4074 1363 4130 tardi
1407 4074 1604 4130 exhor-

28 4180 29 4183 η
87 4162 206 4232 undi,
230 4169 414 4228 celeres
439 4171 707 4228 imitandi.
733 4170 836 4241 Qui
873 4185 981 4227 non
1011 4168 1237 4240 prolicit,
1269 4168 1529 4225 remansit
1548 4167 1604 4223 in

22 4322 23 4325 η
88 4250 256 4327 viazqui
273 4259 400 4319 forte
421 4280 451 4319 a
479 4263 706 4320 meliore
730 4259 1003 4333 proposito
1031 4259 1262 4316 declinat
1297 4259 1366 4314 ad
1388 4258 1441 4314 id
1461 4256 1602 4328 quod

20 4386 25 4415 τ
88 4339 262 4405 deterius
298 4354 619 4427 reliquerat,
667 4369 915 4410 reversus
952 4362 1035 4409 est
1080 4362 1270 4408 retro:
1303 4352 1395 4423 qui
1444 4350 1603 4407 ﬁdem

20 4476 23 4485 -
89 4433 252 4509 deserit,
274 4460 303 4501 a
320 4448 400 4503 via
423 4449 647 4506 erravit.
674 4446 808 4504 Cum
836 4445 1001 4503 tardis
1028 4444 1268 4502 sitnobis
1287 4453 1489 4503 etcum
1514 4459 1606 4500 ce-

90 4523 305 4594 lerioribus
336 4541 491 4610 ratio,
545 4555 666 4596 cum
688 4537 1086 4596 ambulantibus
1133 4546 1333 4593 tamen.
1362 4535 1495 4604 Quis
1521 4545 1605 4592 est

92 4618 154 4685 Qui
175 4637 259 4681 non
282 4631 476 4698 proﬁcit
502 4630 647 4700 ?Qui
693 4646 753 4687 se
788 4630 1052 4701 putaverit
1100 4643 1224 4685 esse
1269 4629 1602 4699 sapientem;

94 4710 156 4775 qui
175 4713 352 4787 dixerit,
376 4722 582 4779 Sufﬁcit
601 4722 732 4778 mihi
758 4721 901 4793 quod
925 4736 1078 4787 sum;
1109 4720 1201 4792 qui
1226 4736 1333 4800 non
1359 4719 1605 4775 attende-

96 4800 143 4856 tit
154 4819 249 4863 eum
262 4813 342 4882 qui
360 4815 504 4885 dicit,
532 4817 659 4883 Qum
689 4824 823 4871 retro
843 4815 1044 4882 oblitus,
1066 4814 1123 4868 in
1145 4829 1204 4869 ea
1222 4829 1336 4886 quae
1358 4823 1475 4868 ante
1491 4820 1607 4868 sunt

96 4904 279 4970 Matius,
299 4909 564 4964 secundum
611 4909 934 4963 intentionem
955 4924 1137 4978 sequor
1171 4908 1240 4962 ad
1280 4907 1503 4979 palmam
1516 4924 1608 4962 vo-

98 4986 253 5069 tationis
277 4992 363 5051 Dei
400 4999 453 5054 in
503 4998 701 5055 Christo
728 4998 868 5062 ~Jesu
897 4997 1172 5069 (Philipp.
1212 5014 1291 5067 ιιι,
1344 4998 1434 5067 15,
1467 4999 1535 5053 id
1560 4998 1605 5069 ).

98 5068 343 5142 Currentem
372 5104 429 5146 se
448 5089 602 5158 dixit,
623 5098 935 5161 sequentem
973 5102 1033 5144 se
1052 5068 1224 5156 dixit;
1254 5103 1363 5144 non
1390 5068 1608 5144 reman-

99 5164 163 5262 ξὶι,
186 5186 271 5229 non
286 5188 419 5238 retro
440 5182 679 5254 respexit
706 5198 720 5236 :
748 5181 889 5237 absit
906 5189 966 5236 ut
1002 5181 1282 5248 erraverit,
1318 5181 1442 5251 quia
1468 5182 1611 5235 viam

102 5268 183 5322 ηδε
201 5263 411 5344 docebat,
432 5276 520 5348 qui
547 5284 603 5333 et
624 5274 841 5333 tenebat
879 5282 935 5331 et
981 5274 1316 5332 ostendebat.
1344 5273 1608 5331 Celerita-

105 5354 179 5405 lem
201 5368 351 5419 auleut
388 5365 500 5438 ejus
525 5376 587 5424 ut
633 5368 983 5434 imitaremur,
1033 5367 1109 5422 ait
1136 5384 1152 5421 :
1200 5365 1490 5422 Imitatores
1514 5366 1615 5422 mei

8 5524 9 5527 η
107 5448 234 5515 estote,
261 5453 371 5510 sicut
390 5468 433 5513 et
466 5476 557 5533 ego
592 5459 821 5534 Christi_(
845 5459 869 5517 ι
897 5459 1015 5517 Cor.
1044 5476 1123 5529 ιι,
1151 5461 1175 5516 i
1208 5458 1252 5534 ).
1277 5459 1613 5516 Arbitrantur

108 5540 200 5601 ετςο
218 5553 317 5613 005,
338 5546 655 5608 dilectissimi
680 5594 696 5619 ,
720 5553 776 5608 in
797 5552 884 5609 via
909 5551 1184 5608 vobiscum
1228 5551 1501 5608 ambulare
1524 5568 1538 5605 :
1567 5550 1615 5607 si

113 5624 211 5681 lardi
231 5645 405 5710 sumus,
434 5646 720 5715 przevenite
744 5659 843 5701 nos
870 5662 886 5712 ;
912 5658 1018 5701 non
1064 5644 1386 5711 invidemus,
1418 5643 1615 5715 quarri-

114 5724 198 5773 ιηιιε
218 5737 331 5793 quos
354 5748 645 5807 sequamur.
676 5738 730 5795 Si
760 5748 937 5796 autem
977 5752 1077 5795 nos
1123 5737 1318 5809 putatis
1367 5735 1617 5795 celeriter

161 5808 172 5839 ¹
198 5818 326 5883 “ne:
344 5837 569 5881 notuere.

374 5913 584 5978 Sacr.
617 5918 888 5980 Aucusr.
929 5918 1033 5978 Vl.

1182 344 1415 405 SERMO
1453 343 1546 401 AD
1582 341 2156 404 CATECHUMENOS.

3187 362 3297 418 682

1716 457 1942 529 ingredi,
1970 460 2166 516 currite
2194 460 2469 519 nobiscum
2503 480 2515 519 :
2560 480 2725 521 unum
2745 468 2911 525 estad
2936 470 3078 540 quod
3102 485 3296 529 omnes

1709 548 2044 619 festinamus,
2068 561 2121 610 et
2148 555 2237 625 qui
2265 555 2464 612 tardius
2488 567 2542 613 et
2564 559 2653 629 qui
2678 560 2905 616 celerius
2941 562 3294 622 ambulamus.

1708 643 1810 711 Qui
1850 658 1975 702 sunt
2018 655 2073 703 et
2098 656 2241 704 retro
2268 650 2552 707 redeuntes
2578 652 2602 707 ?
2629 651 2730 721 Qui
2751 668 2819 709 ex
2844 656 3169 712 continentia
3211 662 3311 723 re-t

1707 746 1985 795 vertuntur
2007 740 2062 795 in
2088 741 2496 813 immunditiam,
2524 746 2613 816 qui
2639 760 2705 801 ex
2730 755 2913 802 sancto
2958 756 3012 803 et
3044 731 3313 818 singularil

1707 826 1849 886 bono
1875 833 2149 902 proposito
2201 833 2516 905 virginitatis
2561 836 2901 893 divertuntur
2927 838 2981 892 in
3008 818 3325 908 turpitudi-‘

1706 934 1803 976 nes
1830 922 2132 994 voluptatis,
2166 931 2222 979 et
2266 936 2515 997 corrupta
2547 936 2728 983 mente
2753 944 3100 999 corrumpunt
3140 931 3299 986 simul

1706 1021 1759 1068 et
1796 1026 2032 1070 carnem.
2087 1015 2196 1071 llos
2242 1017 2482 1087 increpat
2526 1021 2800 1089 apostolus
2828 1020 3037 1086 Petrus,
3070 1022 3295 1077 dicens:

1672 1102 1673 1105 “
1705 1103 1895 1161 Melius
1919 1108 2023 1163 illis
2060 1119 2165 1164 erat
2193 1127 2295 1165 non
2332 1128 2629 1183 cognoscere
2654 1113 2786 1167 viam
2806 1113 3003 1181 salutis,
3028 1131 3180 1185 quam
3209 1134 3297 1171 co-

1705 1209 1998 1267 gnoscentes
2023 1211 2157 1256 retro
2184 1204 2427 1274 respicere
2455 1205 2472 1274 (
2497 1203 2541 1258 Il
2568 1204 2710 1260 Petr.
2744 1222 2803 1270 Il,
2830 1206 2895 1261 21
2928 1206 2970 1278 ).
3000 1207 3044 1262 Ο
3071 1209 3294 1276 malum,

1704 1300 1850 1347 retro
1900 1294 2208 1365 respicere!
2244 1296 2389 1353 Uxor
2428 1297 2570 1353 enim
2623 1298 2779 1364 Loth,
2827 1314 2947 1370 quae
2992 1300 3214 1357 liberata
3264 1318 3299 1357 a

1705 1380 2015 1451 Sodomitis,
2066 1395 2251 1442 contra
2294 1398 2618 1459 praeceptum
2663 1397 2811 1444 retro
2853 1392 3108 1460 respexit,
3151 1393 3299 1462 quod

1705 1482 1947 1529 evaserat
1971 1476 2219 1546 perdidit.
2251 1477 2362 1533 Nec
2388 1478 2655 1534 immerito
2684 1480 2737 1534 in
2789 1490 3018 1535 statuam
3050 1481 3176 1536 salis
3201 1467 3307 1537 re:

1704 1575 1863 1635 pente
1886 1582 2140 1624 conversa
2168 1579 2250 1625 est
2278 1569 2297 1639 (
2331 1569 2458 1625 Gen.
2502 1586 2614 1635 χιχ,
2633 1572 2703 1627 26
2728 1571 2766 1643 ),
2793 1573 2893 1629 nisi
2921 1582 2979 1628 ut
3005 1573 3177 1628 fatuos
3197 1590 3296 1630 suo

1704 1657 1865 1712 etiam
1921 1660 2167 1730 exemplo
2221 1660 2483 1717 condiret.
2542 1661 2643 1728 Qui
2687 1671 2812 1718 sunt
2858 1672 2907 1719 et
2941 1664 3297 1719 aberrantes?

1703 1746 1902 1804 Omnes
1927 1749 2186 1817 haeretici,
2217 1752 2308 1822 qui
2342 1753 2525 1808 relicta
2553 1754 2793 1809 veritatis
2834 1755 2915 1809 via
2938 1756 3167 1811 errando
3198 1771 3297 1827 per

1704 1838 1976 1895 desertum
1998 1841 2399 1907 latrocinantur,
2416 1844 2695 1900 et'animas
2715 1855 2931 1916 captant
2960 1847 3011 1900 in
3033 1849 3289 1917 peccatis,

1706 1932 2144 2005 prtepediuntque
2170 1950 2239 1991 ne
2272 1937 2392 2006 quis
2420 1936 2487 1991 ad
2518 1938 2742 2007 patriam
2772 1940 2946 1995 valeat
2976 1932 3291 2010 pervenire:

1705 2026 1878 2082 effecti
1914 2029 2020 2101 lupi
2050 2030 2309 2087 semitarii
2340 2032 2507 2087 induti
2534 2034 2689 2088 ovina
2736 2035 2893 2105 pelle,
2921 2050 3041 2090 cum
3076 2037 3181 2091 sint
3210 2037 3295 2091 in-

1706 2126 1792 2175 tus
1830 2120 1940 2190 lupi
1964 2136 2218 2191 rapaces;
2247 2122 2599 2193 praedicantes
2624 2123 2898 2180 Christum
2925 2127 3086 2194 viam,
3116 2135 3169 2182 et
3199 2128 3290 2197 qui

1705 2223 1799 2264 eos
1825 2220 2120 2281 sequuntur
2147 2213 2405 2269 ducentes
2424 2214 2490 2269 ad
2520 2224 2771 2270 mortem.

1776 2300 2003 2358 CAPUT
2045 2303 2107 2359 V.
2137 2334 2208 2345 ——
2228 2305 2281 2360 5.
2324 2304 2439 2372 Quo
2465 2305 2683 2361 discerni
2708 2309 2865 2378 possit
2886 2309 3019 2378 falsa
3048 2309 3299 2380 praedica-

1706 2391 1776 2446 tio
1822 2410 1855 2446 a
1880 2394 2148 2460 vera.,liic
2176 2396 2221 2450 si
2248 2396 2439 2466 aliquis
2486 2397 2648 2462 dicat,
2672 2398 2813 2466 Quid
2840 2414 2939 2471 ego
2968 2400 3155 2455 faciam
3186 2417 3293 2456 non

1704 2481 1919 2539 invenio
1953 2502 1966 2537 :
1996 2500 2121 2540 ecce
2144 2486 2306 2541 homo
2330 2485 2605 2542 Christum
2628 2488 2901 2557 praedicat,
2931 2490 3069 2544 viam
3102 2492 3298 2561 praedi-

1704 2582 1813 2641 cat,
1835 2573 2031 2630 Christi
2065 2591 2123 2631 se
2149 2575 2279 2631 dicit
2301 2592 2422 2632 esse
2449 2577 2786 2648 discipulum,
2814 2581 3093 2636 veritatem
3126 2598 3183 2637 se
3206 2582 3293 2637 di-

1704 2667 1778 2722 cit
1796 2668 2132 2733 annuntiare,
2153 2684 2319 2739 quare
2345 2685 2451 2724 non
2487 2685 2682 2741 sequar
2710 2671 2836 2725 talia
2863 2672 3243 2740 praedicantem
3271 2676 3297 2728 ’ἔ

1703 2764 2178 2833 respondeo,Quia
2209 2766 2353 2820 aliud
2401 2766 2517 2836 ejus
2564 2766 2727 2821 habet
2772 2766 2971 2837 lingua,
3001 2766 3140 2821 aliud
3167 2782 3298 2821 con-

1703 2853 1946 2909 scientia.
1976 2854 2127 2910 Unde
2166 2855 2312 2922 novi,
2357 2856 2571 2927 inquis?
2598 2856 2855 2926 numquid
2887 2870 2986 2927 ego
3014 2858 3298 2912 c0nscien-

1704 2943 1806 3000 tias
1836 2944 2102 3002 discutere
2131 2961 2347 3016 possum
2373 2945 2396 2999 ?
2437 2946 2707 3002 Christum
2724 2948 2791 3001 ab
2817 2961 2882 3001 eo
2907 2946 3066 3001 audio
3104 2966 3116 3002 :
3148 2947 3291 3017 quod

1704 3036 1884 3104 audio,
1926 3037 2029 3092 hoc
2071 3038 2253 3105 credo,
2286 3038 2387 3093 hoc
2439 3046 2617 3093 teneo.
2644 3036 2762 3092 Non
2815 3048 2866 3093 te
2908 3037 3130 3093 seducat
3160 3038 3298 3092 ﬁlius

1704 3126 1971 3192 falsitatis,
1999 3130 2044 3184 si
2073 3128 2213 3184 ﬁlius
2255 3146 2315 3184 es
2341 3130 2595 3186 veritatis.
2648 3130 2801 3186 Disce
2825 3130 2957 3200 jam,
2984 3130 3294 3199 Christiane,

1704 3223 1793 3293 qui
1818 3222 2087 3278 Christum
2138 3223 2412 3279 desideras
2436 3232 2493 3279 et
2531 3223 2715 3279 audire
2741 3233 2796 3280 et
2842 3224 3044 3279 videre.
3091 3224 3146 3280 Si
3176 3224 3300 3294 quis

1707 3316 1800 3370 tibi
1828 3315 2099 3371 Christum
2130 3317 2404 3387 prcedicat,
2436 3317 2651 3372 attende
2678 3324 2732 3372 et
2759 3316 3039 3372 considera
3080 3316 3297 3387 qualem

1704 3409 2000 3481 praedicet,
2054 3410 2144 3464 ubi
2188 3410 2460 3480 praedicet.
2512 3409 2755 3466 Christus
2805 3410 2948 3476 enim
2993 3410 3190 3465 veritas
3215 3418 3301 3467 est

1707 3498 1898 3573 (Joan.
1931 3516 2043 3567 xxv,
2066 3501 2100 3557 6
2126 3499 2172 3573 ),
2200 3516 2296 3572 per
2328 3502 2629 3570 Scripturas
2683 3510 2897 3556 sanctas
2928 3500 3292 3570 praedicatur;

1705 3592 1890 3648 nonin
1915 3592 2142 3663 angulis,
2166 3608 2273 3648 non
2300 3593 2527 3660 occulte,
2577 3591 2674 3648 sed
2714 3591 2912 3662 palam,
2959 3592 3191 3661 publice.
3224 3591 3296 3646 In

1705 3683 1813 3738 sole
1833 3683 1976 3740 enim
1999 3683 2165 3754 posuit
2194 3681 2570 3738 tabernaculum
2589 3699 2735 3737 suum
2766 3683 2785 3756 (
2819 3681 2962 3737 Psal.
2990 3698 3144 3751 xvnt,
3176 3686 3209 3738 6
3238 3682 3300 3753 );

1705 3774 1810 3831 hoc
1835 3784 1936 3841 est,
1969 3776 2021 3829 in
2058 3776 2337 3831 manifesto
2364 3775 2644 3830 collocavit
2665 3774 2960 3829 Ecclesiam
2992 3773 3302 3830 suamJam

1706 3865 1795 3922 hic
1843 3867 2049 3937 respice
2091 3866 2238 3921 illum
2269 3867 2359 3937 qui
2408 3866 2502 3921 tibi
2532 3866 2803 3922 Christum
2842 3866 3115 3935 praedicnt,
3157 3866 3303 3923 dicat

1708 3960 1921 4031 qualem
1953 3958 2221 4014 Christum
2238 3959 2511 4031 praedicet.

1779 4071 2004 4129 CAPUT
2044 4072 2131 4127 Vl.
2158 4100 2229 4111 —-
2257 4072 2311 4125 6.
2340 4071 2737 4126 Manichaeorum
2761 4088 2922 4126 error.
2960 4072 3103 4129 Ecce
3129 4072 3303 4129 btere-

1709 4165 1846 4220 ticus
1875 4162 2219 4229 manichaaus,
2277 4164 2366 4233 qui
2401 4179 2500 4233 per
2525 4179 2676 4218 suam
2705 4163 3001 4217 doctrinam
3033 4164 3295 4232 promittit

1709 4256 2049 4314 introducere
2104 4264 2155 4311 te
2210 4255 2263 4309 in
2293 4254 2595 4315 veritatem.
2648 4255 2822 4324 ipsum
2860 4253 3130 4310 Christum
3170 4256 3305 4312 dicit

1709 4364 1831 4405 esse
1857 4348 2119 4403 fallacem.
2160 4345 2275 4400 Non
2304 4346 2509 4411 habuit,
2561 4347 2752 4417 inquit,
2808 4361 2997 4402 verum
3056 4362 3301 4417 corpus:

1709 4442 2027 4514 phantasma
2053 4440 2172 4509 fuit,
2202 4440 2421 4510 spiritus
2451 4440 2566 4495 fuit.
2597 4440 2661 4495 Et
2686 4439 2790 4495 hoc
2814 4440 2870 4495 in
2892 4440 2986 4496 illo
3010 4440 3177 4496 fuisse
3194 4456 3295 4496 ne-

1708 4543 1800 4609 gat
1844 4535 2202 4604 nequissimus
2267 4533 2610 4590 manichreus.
2661 4535 2706 4590 0
2760 4534 2992 4605 pessime
3054 4535 3305 4591 hacretice

1712 4625 2028 4691 manichme,
2062 4627 2105 4680 si
2158 4625 2378 4681 credere
2411 4640 2516 4681 non
2566 4626 2647 4681 vis
2682 4624 2975 4681 Veritatem
3028 4624 3297 4680 dicentem

1712 4716 1986 4787 discipulis
2010 4717 2137 4779 suis,
2176 4714 2414 4786 Palpate,
2446 4724 2494 4770 et
2519 4715 2699 4782 videte,
2734 4715 2855 4785 quia
2884 4715 3090 4785 spiritus
3121 4731 3235 4769 ossa
3257 4724 3305 4769 et

1713 4824 1917 4863 carnem
1946 4824 2048 4862 non
2092 4806 2258 4875 habet,
2307 4808 2434 4862 sicut
2471 4822 2550 4860 me
2598 4805 2775 4860 videtis
2830 4806 3096 4860 habentem
3125 4807 3143 4877 (
3168 4805 3298 4861 Luc.

1713 4917 1861 4967 xxrv,
1894 4900 1963 4955 59
1992 4900 2033 4971 ).
2091 4898 2147 4953 Si
2172 4898 2393 4953 credere
2419 4913 2525 4953 non
2548 4897 2649 4963 vis,
2685 4905 2744 4951 ut
2769 4896 2899 4963 dixi,
2925 4896 3171 4965 Veritati,
3203 4898 3299 4953 .lu-
3325 4965 3330 4973 ι

1713 4991 1833 5046 (1ωο
1852 4990 2012 5045 crede
2052 4988 2402 5059 cruciligenti.
2446 4987 2578 5043 Nam
2608 5003 2729 5044 cum
2781 4997 2835 5043 tu
2861 4988 3016 5056 dicis,
3061 4990 3309 5047 Christus

1714 5081 1857 5136 Deus
1885 5078 2005 5148 fuit,
2036 5095 2146 5135 non
2195 5078 2394 5145 homo;
2422 5077 2637 5135 Judaeus
2665 5078 2813 5147 dicit,
2842 5079 2956 5136 Non
3007 5079 3108 5136 iuit
3140 5082 3305 5150 Deus,

1717 5170 1813 5226 sed
1842 5170 2023 5226 homo.
2055 5169 2324 5225 Catholica
2375 5178 2632 5241 utrosque
2659 5171 3005 5240 convincens,
3036 5172 3171 5243 Ego,
3199 5173 3297 5239 ait,

1716 5278 1901 5318 verum
1937 5271 2113 5329 teneo,
2144 5260 2289 5333 quod
2312 5261 2557 5318 Christus
2584 5271 2638 5318 et
2660 5262 2801 5319 Deus
2831 5272 2915 5319 est
2937 5274 2992 5319 et
3017 5263 3199 5319 homo.
3225 5263 3309 5318 Tu

1718 5363 1918 5422 autem,
1944 5353 2260 5421 manicbzee,
2310 5353 2452 5410 unde
2495 5354 2692 5425 probas
2735 5355 3009 5412 Christum
3062 5354 3331 5424 spiritum,

1719 5448 1931 5506 fuisse?
1956 5448 2182 5519 Spiritus
2207 5447 2389 5518 alapas
2414 5450 2659 5519 accepit?
2682 5450 2900 5520 Spiritus
2942 5448 3179 5518 spineam
3210 5460 3310 5501 co-

1719 5558 1908 5600 ronam
1964 5541 2477 5612 portavit?spiritus
2528 5543 2629 5598 sibi
2653 5558 2866 5598 crucem
2915 5540 3215 5609 bajulavit?
3251 5539 3311 5596 Si

1722 5635 1939 5705 spiritus
1985 5632 2102 5699 fuit,
2152 5634 2302 5704 cujus
2355 5634 2670 5690 vestimenta
2716 5633 2914 5686 milites
2966 5630 3311 5685 diviserunt?
3366 5644 3376 5705 ,1

1723 5728 1779 5787 Si
1805 5728 2023 5801 Spiritus
2049 5726 2161 5793 fuit,
2190 5726 2460 5797 quomodo
2483 5741 2605 5780 cum
2632 5723 2864 5779 traderet
2891 5722 3160 5792 spiritum,
3183 5736 3310 5777 eor-

1728 5840 1826 5895 pus
1848 5824 1962 5894 ejus
1985 5837 2146 5892 prope
2182 5820 2455 5875 dimidium
2503 5819 2643 5872 diem
2685 5816 2935 5871 exanime
2984 5814 3231 5886 pependit
3257 5816 3312 5873 in

2565 5912 2597 5986 ί
2611 5907 3061 5986 νὶηῃτ-ᾱεαέτ.]

3364 5671 3379 5740 i
