3860 6284
558 336 663 398 683

553 480 713 523 cruce
737 464 763 521 ἲ
787 454 847 522 Si
870 463 1089 537 spiritus
1132 462 1253 531 fuit,
1292 462 1559 536 quomodo
1584 461 1722 518 latus
1745 460 1862 533 ejus
1903 458 2143 530 perfora-

469 569 478 581 '
552 567 669 614 tum
691 566 774 615 est
795 559 983 634 lancea
1008 556 1032 612 Ἰ
1070 552 1337 629 quomodo
1366 565 1642 628 susceptus
1667 563 1747 611 est
1776 569 1806 609 a
1831 551 2030 626 Joseph
2060 567 2144 609 se-

552 651 856 721 peliendus,
908 643 1176 723 quomodo
1229 650 1473 722 sepulcro
1522 658 1606 706 est
1650 646 1932 706 conditus?
1955 644 2145 703 Omnia

554 743 657 798 ista
684 743 905 814 spiritus
929 742 1037 815 pati
1070 757 1179 800 non
1232 748 1428 814 potest.
1483 738 1634 797 Sicut
1660 738 1728 796 de
1776 755 1839 796 eo
1865 748 2018 795 antea
2047 753 2145 810 per

554 836 856 910 Prophetas
906 836 1221 909 praedictum
1265 845 1383 904 est,
1439 835 1513 892 ita
1548 842 1603 892 et
1649 835 1869 891 factum.
1898 834 2060 891 Erras
2084 841 2143 889 tu

551 933 735 998 nimis,
764 926 1001 998 falsitas;
1028 930 1081 985 in
1108 928 1357 986 omnibus
1389 936 1441 985 te
1475 937 1693 1000 superat
1719 929 1935 985 veritas.
1969 926 2143 999 Ergo-

554 1039 640 1092 ne,
671 1022 944 1088 haeretice,
986 1010 1044 1078 ut
1072 1013 1255 1091 doces,
1278 1016 1489 1079 Veritas
1515 1024 1735 1080 mentita
1751 1031 1853 1090 est,
1880 1031 1938 1079 et
1962 1029 2021 1077 tu
2046 1036 2143 1078 ve-

550 1133 669 1173 rum
692 1110 985 1189 praedicas?
1014 1112 1086 1170 Et
1130 1113 1223 1171 ubi
1269 1113 1374 1170 hoc
1422 1114 1727 1186 praedicas?
1756 1114 1814 1169 ln
1860 1114 2141 1182 absconso,

549 1211 605 1264 in
632 1194 864 1265 occulto.
886 1204 945 1263 Si
964 1189 1187 1263 veritate
1207 1206 1422 1263 fulcitur
1449 1206 1760 1278 prmdicatio
1788 1214 1897 1273 tua,
1931 1196 2144 1277 publica

549 1300 619 1356 sit
667 1297 913 1355 doctrina
942 1306 1053 1354 tua.
1091 1290 1409 1354 Demonstra
1460 1293 1593 1354 mihi
1633 1292 1931 1354 Ecclesiam
1974 1306 2139 1353 tuam.

548 1390 655 1448 Sed
683 1391 929 1463 novimus
949 1389 1077 1462 quid
1103 1390 1273 1460 agatis
1301 1390 1511 1461 decepti
1540 1398 1594 1446 et
1630 1389 1967 1461 deceptores.
1994 1390 2141 1460 Apo-

546 1482 719 1540 stolus
746 1481 947 1541 Paulus
972 1497 1068 1539 vos
1106 1482 1339 1553 prodidit
1366 1482 1550 1539 dicens
1577 1501 1591 1537 :
1644 1483 1773 1551 Quae
1795 1483 1929 1537 enim
1953 1482 2145 1538 occulte

548 1576 677 1642 ﬁunt
696 1574 759 1629 ab
774 1574 863 1641 eis,
896 1557 1040 1646 turpe
1059 1581 1132 1631 est
1156 1574 1310 1629 etiam
1336 1575 1502 1630 dicere
1528 1575 1548 1645 (
1573 1572 1765 1646 Ephes.
1790 1590 1848 1641 v,
1876 1573 1945 1629 i2
1970 1573 2011 1645 ).
2036 1572 2144 1631 No-

543 1667 631 1724 his
652 1676 807 1738 turpe
827 1676 911 1723 est
934 1667 1134 1734 dicere,
1186 1667 1285 1725 sed
1337 1684 1433 1724 vos
1486 1684 1593 1725 non
1647 1668 1920 1739 quiescitis
1960 1682 2139 1738 agere.

544 1750 826 1833 Manifesta
857 1770 940 1818 est
959 1762 1249 1833 ignominia
1274 1771 1473 1829 vestra,
1519 1762 1713 1819 nudata
1760 1770 1842 1817 est
1869 1761 2143 1832 turpitudo

542 1864 753 1921 vestra;
792 1870 862 1911 ex
901 1854 1241 1911 confessione
1278 1854 1438 1910 simul
1508 1864 1562 1910 et
1625 1855 1887 1926 scriptura
1939 1863 2139 1921 vestra,

542 1945 793 2001 omnibus
818 1944 992 2018 palam
1022 1945 1158 2002 facta
1203 1953 1286 2003 est
1314 1945 1483 2017 turpis
1508 1945 1752 2001 doctrina
1782 1953 1963 2003 vestra
1991 1963 2005 2002 :
2039 1947 2136 2007 uti-

548 2053 674 2095 nam
705 2038 994 2110 aliquando
1019 2037 1353 2110 corrigantur
1376 2035 1538 2092 corda
1558 2045 1735 2093 vestra
1763 2037 1778 2091 l

612 2126 840 2184 CAPUT
922 2126 1035 2184 Vll.
1064 2129 1213 2183 —7.
1266 2125 1432 2182 Error
1498 2128 1824 2182 Arianorum.
1873 2124 1980 2183 Alii
2023 2128 2140 2183 hie-

541 2219 695 2277 retici
760 2219 949 2275 Ariani
1007 2219 1179 2289 ipsam
1241 2218 1384 2272 viam
1455 2216 1765 2281 Christum,
1821 2233 1921 2288 per
1978 2233 2138 2289 quam

539 2310 648 2366 itur
689 2310 757 2365 ad
785 2306 998 2366 Patrem
1022 2352 1039 2379 ,
1086 2308 1381 2367 secundum
1428 2306 1754 2365 divinitatem
1796 2308 1985 2367 nolunt
2019 2325 2143 2368 esse

542 2400 803 2472 aequalem
860 2401 1026 2457 Patri.
1067 2391 1135 2456 Et
1197 2416 1319 2457 cum
1360 2400 1475 2471 ipse
1525 2399 1699 2473 dicat,
1737 2397 1850 2472 Ego
1892 2408 1939 2455 et
1982 2399 2142 2455 Pater

547 2510 709 2548 unum
730 2509 903 2548 sumus
927 2492 1126 2566 (Joan.
1158 2507 1221 2560 x,
1242 2492 1313 2548 '50
1337 2490 1391 2564 );
1416 2492 1490 2546 illi
1513 2491 1717 2561 dicunt,
1745 2490 1801 2548 Si
1827 2491 2022 2548 missus
2057 2499 2143 2549 est

545 2583 816 2652 Christus,
839 2582 1016 2639 minor
1042 2592 1126 2640 est
1157 2600 1171 2637 :
1215 2581 1389 2654 major
1408 2591 1491 2638 est
1515 2584 1701 2654 utique
1723 2583 1813 2655 qui
1835 2583 2018 2653 mittit,
2045 2583 2141 2641 illo

545 2676 638 2747 qui
663 2676 912 2732 mittitur.
962 2672 1092 2731 Haec
1146 2675 1535 2748 argumentatio
1587 2684 1671 2732 est
1722 2673 1975 2745 humana,
2029 2690 2140 2734 non

542 2768 835 2824 auctoritas
870 2766 1072 2824 divina.
1102 2767 1219 2824 Alia
1250 2775 1334 2825 est
1382 2768 1625 2839 operatio
1650 2768 1944 2838 Trinitatis,
1975 2786 2137 2842 quam

542 2869 623 2925 tu,
675 2859 946 2927 haeretice,
985 2874 1093 2915 non
1141 2860 1463 2931 assequeris,
1515 2862 1605 2931 qui
1654 2862 1939 2918 carnaliter
1968 2862 2134 2933 sapis.

544 2946 802 3004 Mundum
824 2950 967 3006 enim
989 2966 1085 3006 cor
1125 2965 1232 3006 non
1259 2950 1444 3018 habes,
1478 2967 1578 3008 nec
1597 2952 1663 3008 ad
1686 2954 1874 3009 Deum.
1894 2954 2138 3012 Christus

544 3040 689 3096 enim
718 3042 771 3096 in
809 3049 1065 3112 quantum
1108 3041 1381 3098 hominem
1408 3042 1665 3113 suscepit,
1683 3044 1881 3100 missus
1904 3044 2132 3102 dicitur:

539 3132 597 3188 in
622 3142 875 3204 quantum
908 3134 1050 3191 Deus
1073 3143 1177 3202 est,
1195 3136 1415 3207 aequalis
1435 3146 1517 3192 est
1542 3137 1704 3192 Patri.
1726 3137 1859 3193 Nam
1880 3154 1985 3209 quo
2009 3155 2136 3197 eum

537 3224 700 3280 Pater
738 3228 991 3294 mitteret,
1024 3228 1113 3284 ubi
1158 3229 1272 3298 ipse
1322 3244 1444 3284 cum
1493 3228 1630 3284 Filio
1658 3246 1765 3284 non
1814 3239 1957 3287 esset
1981 3233 2004 3285 ?
2028 3233 2136 3289 Aut

539 3331 647 3386 quo
674 3316 839 3372 Filius
865 3319 1128 3384 venisset,
1160 3318 1249 3373 ubi
1280 3334 1387 3374 non
1427 3314 1588 3375 simul
1617 3335 1739 3376 cum
1783 3321 1943 3378 Patre
1989 3332 2135 3380 esset

535 3407 631 3463 ille
658 3409 747 3477 qui
781 3406 931 3475 dicit,
981 3408 1095 3478 Ego
1133 3409 1187 3462 in
1215 3408 1390 3476 Patre,
1423 3419 1473 3465 et
1521 3409 1679 3466 Pater
1719 3412 1770 3467 in
1799 3429 1878 3467 me
1904 3422 1977 3467 est
2002 3430 2023 3479 ;
2053 3422 2127 3480 et,

538 3498 806 3573 Philippe,
847 3501 935 3574 qui
961 3503 1083 3556 vidit
1114 3520 1211 3571 me,
1240 3503 1362 3558 vidit
1390 3514 1437 3559 et
1472 3503 1726 3577 Patrem(
1758 3497 1845 3561 Id.
1898 3523 2005 3575 xw,
2039 3507 2128 3575 10,

539 3592 618 3664 9)
650 3609 664 3645 :
696 3602 751 3647 ct
770 3593 860 3664 qui
881 3608 977 3663 per
1004 3593 1317 3665 prophetam
1357 3594 1503 3663 dicit,
1534 3595 1726 3652 Cretum
1752 3607 1798 3652 et
1822 3606 2009 3653 terram
2034 3616 2127 3672 ego

533 3684 766 3758 impteo(
786 3684 981 3741 Jerem.
1022 3702 1177 3754 χχιιι,
1199 3686 1303 3760 24)
1331 3706 1345 3754 ;
1373 3697 1426 3745 et
1454 3689 1523 3745 de
1572 3706 1680 3761 quo
1731 3691 1981 3747 Salomon
2030 3693 2127 3763 ait,

530 3774 750 3849 Attingit
776 3794 808 3832 a
826 3777 934 3848 ﬁne
956 3794 1114 3849 usque
1135 3779 1203 3832 ad
1220 3780 1375 3849 ﬁnem
1397 3781 1618 3850 fortiter,
1644 3790 1691 3836 et
1710 3782 1931 3853 disponit
1957 3785 2131 3838 omnia

529 3869 770 3925 suaviter.
828 3871 1041 3943 Attingit
1103 3873 1284 3943 ubique
1352 3875 1559 3946 propter
1629 3892 1772 3931 suam
1823 3878 2132 3933 munditiam

534 3958 840 4032 (Sap.vnr,
864 3963 918 4030 1,
943 3972 989 4018 et
1029 3978 1123 4031 vn,
1154 3963 1226 4019 24
1258 3964 1315 4036 )‘t
1342 3963 1448 4027 Sed
1485 3975 1559 4033 tu,
1589 3965 1858 4035 hmretice,
1889 3969 2010 4025 ideo
2040 3970 2127 4025 di-

529 4053 609 4110 cis
629 4055 884 4126 majorem
910 4070 1029 4113 esse
1057 4057 1149 4127 qui
1195 4052 1376 4125 mittit,
1434 4056 1698 4115 minorem
1746 4062 1837 4132 qui
1863 4061 2115 4132 mittitur,

533 4146 657 4217 quia
682 4155 984 4219 temporum
1025 4149 1196 4221 spatia
1249 4151 1471 4223 cogitas.
1526 4150 1634 4208 Sed
1676 4152 1901 4209 multum
1948 4169 2124 4225 erras,

524 4238 608 4296 illi
630 4241 903 4312 assignare
946 4249 1186 4312 tempora
1220 4257 1314 4314 per
1341 4257 1500 4314 quem
1537 4242 1675 4301 facta
1705 4254 1830 4301 sunt
1854 4254 2121 4319 tempora.

522 4329 585 4387 Si
609 4329 822 4388 Patrem
851 4333 1124 4389 confiteris
1152 4332 1342 4402 Deum,
1373 4335 1540 4391 Deum
1571 4335 1786 4408 Filium,
1825 4349 2118 4396 aeternum-

525 4436 629 4493 que
649 4420 826 4478 credis
851 4430 906 4479 et
945 4423 1156 4479 Patrem
1191 4434 1247 4480 et
1292 4424 1523 4495 Filium;
1556 4429 1666 4485 noli
1691 4431 1951 4487 minorem
1980 4431 2128 4490 facev

523 4528 587 4570 re
614 4512 807 4571 Filium
840 4515 894 4571 in
930 4528 995 4572 eo
1044 4517 1186 4588 quod
1224 4518 1349 4575 fecit
1387 4528 1459 4590 te,
1489 4523 1611 4594 quia
1655 4523 1776 4581 ideo
1828 4527 2003 4582 minor
2036 4528 2123 4586 fa-A

521 4613 645 4660 ctus
688 4616 808 4675 est,
847 4614 906 4663 ut
948 4607 1239 4666 redimeret
1290 4619 1364 4669 te.
1418 4611 1524 4670 Sed
1566 4617 1698 4688 ipse,
1736 4616 1931 4688 inquis,
1960 4618 2119 4691 dixit,

520 4693 864 4765 Patermaior
888 4714 967 4754 me
986 4710 1058 4754 est
1086 4700 1105 4773 (
1136 4700 1294 4758 Joan.
1337 4705 1588 4775 x1v,28).
1620 4706 1859 4779 lntellige
1918 4726 2114 4768 secun-

523 4786 656 4842 dum
706 4800 1011 4860 susceptum
1058 4793 1351 4864 hominem,
1379 4806 1434 4851 et
1476 4796 1700 4866 deponis
1730 4815 1989 4858 errorem.
2018 4802 2121 4861 Se~

521 4878 758 4935 cundum
784 4879 887 4937 hoc
905 4882 1052 4949 dicit,
1074 4882 1230 4941 Pater
1254 4888 1419 4957 major
1443 4904 1523 4941 me
1541 4899 1633 4956 est,
1661 4888 1953 4949 secundum
1972 4897 2115 4967 quod

519 4968 594 5026 de
617 4986 684 5027 eo
737 4972 812 5028 ait
850 4974 1132 5047 propheta,
1188 4976 1465 5033 Minorasti
1494 4996 1607 5036 eum
1654 4987 1809 5054 paulo
1859 4989 2024 5044 minus
2049 4990 2116 5046 ab

519 5064 717 5138 angelis
772 5064 960 5139 (Psat.
1000 5086 1111 5138 vur,
1163 5068 1265 5145 6).
1308 5070 1390 5128 Tu
1428 5084 1607 5132 autem
1660 5077 1765 5146 dic,
1818 5082 2112 5140 secundum

519 5155 651 5230 quid
666 5173 789 5215 eum
810 5158 1073 5218 minorem
1100 5162 1297 5218 asseris
1317 5163 1341 5217 ?
1364 5164 1420 5221 Si
1444 5168 1738 5225 secundum
1753 5183 2069 5242 potestatem
2094 5197 2109 5232 :

517 5248 679 5308 Pater
699 5271 801 5308 non
821 5254 1026 5326 judicat
1049 5271 1371 5327 quemquam,
1394 5259 1483 5314 sed
1502 5258 1671 5317 Filius
1698 5261 1873 5334 (Joan.
1901 5268 2037 5335 ν,ἳὲ
2063 5270 2109 5342 ).

510 5342 574 5401 Si
626 5346 920 5402 secundum
966 5362 1170 5418 opera:
1202 5344 1387 5404 Omnia
1438 5368 1527 5421 per
1580 5351 1773 5410 Filium
1802 5358 1940 5428 facta
1965 5372 2109 5418 sunt.

511 5433 571 5492 Si
601 5435 893 5493 secundum
928 5446 1138 5509 tempus
1161 5437 1266 5494 hoc
1285 5439 1461 5497 credis
1490 5441 1558 5499 de
1583 5444 1695 5503 Deo
1717 5454 1828 5517 tuo,
1852 5451 1976 5521 quia
2000 5453 2111 5511 sic-

513 5536 575 5584 ut
618 5536 678 5586 tu
724 5529 897 5603 major
939 5546 999 5587 es
1038 5530 1150 5591 ﬁlio
1187 5543 1297 5604 tuo,
1334 5536 1406 5591 ita
1450 5536 1539 5593 ille
1577 5538 1687 5596 tilio
1714 5558 1813 5599 suo
1846 5563 1861 5601 :
1902 5548 2113 5607 avertat
2152 5593 2156 5597 ‹

510 5619 621 5731 hoc
638 5622 876 5731 Deushah
898 5624 1114 5731 auribus
1159 5626 1395 5731 ﬁdelium
1424 5645 1439 5696 ;
1469 5629 1683 5704 indigna
1712 5645 1835 5693 sunt
1862 5637 1964 5696 ista
1990 5657 2110 5701 cre-
2228 5619 2615 5708 similitudinem
2643 5619 2885 5726 nostram,
2914 5664 2973 5715 ut
3439 5619 3724 5713 intelli-

2158 5729 2199 5830 ἓ

512 5801 752 5865 Verbum
787 5817 905 5881 est,
952 5811 1086 5870 sicut
1141 5815 1464 5887 evangelista
1516 5817 1751 5881 Joannes
1791 5836 1995 5903 narrat,
2027 5831 2101 5889 In

2121 5951 2130 5974 .

2296 5804 2314 5834 ί
2350 5809 2401 5852 ιιι
2436 5803 2709 5855 Divionensi
2743 5810 2825 5854 Ms.
2867 5806 2973 5855 subs

2431 5872 2569 5924 Forte
2587 5868 2711 5935 leg.,
2732 5868 2973 5934 ρνιεεῦιίι.

513 5710 645 5768 dere
671 5713 741 5771 de
770 5714 899 5773 Deo.
946 5716 1003 5774 Si
1043 5719 1188 5775 enim
1215 5719 1386 5779 Filius
1408 5723 1701 5782 secundum
1731 5727 1983 5790 deitatem
2008 5735 2107 5794 Dei

1035 338 1126 397 DE
1163 341 1461 401 CANTICO
1496 342 1699 415 novo,
1739 356 1886 412 me,
1935 338 1993 399 s.
2024 326 2392 399 AUGUSTINI
2428 340 2656 405 SERMO
2697 347 2790 405 AD
2825 326 3388 410 camacuuauos.

3669 356 3745 420 σει

2253 456 2504 532 principio
2525 471 2631 518 erat
2668 461 2909 533 Verbum,
2932 472 2979 520 et
3035 450 3250 520 Verbum
3278 468 3381 521 erat
3407 460 3531 539 apud
3557 458 3750 537 Deum,rt

2252 544 2391 609 Deus
2417 564 2523 609 erat
2578 544 2797 612 Verbum
2822 550 3011 632 (Joan.
3044 575 3086 627 ι,
3127 560 3183 625 ⁸5,
3206 550 3271 630 Ι)
3303 550 3433 625 ;ihit
3458 556 3639 634 aliquod
3658 568 3753 622 rem.

2252 661 2353 718 pus
2386 645 2605 718 quando
2636 646 2793 705 Pater
2837 648 2938 705 fuit
2984 648 3102 707 sine
3132 640 3325 720 Verbo,
3352 661 3439 708 aut
3476 648 3563 708 luit
3597 648 3756 729 aliquod

2251 738 2571 810 principium
2598 751 2724 801 ante
2750 738 2923 814 ipsum
2967 743 3307 817 principium,
3339 746 3571 815 quoniam
3591 748 3681 820 ipse
3698 748 3757 808 Fi-

2252 829 2357 886 lius
2377 826 2508 888 dixit
2537 848 2597 889 se
2622 843 2742 890 esse
2770 830 3089 907 principium
3107 836 3133 890 ?
3167 826 3595 909 interrogantibus
3619 843 3760 913 quippe

2251 912 2472 992 Judmis,
2511 917 2594 980 Tu
2620 926 2733 997 quis
2762 922 2858 982 es?
2884 920 3186 1000 respondit,
3218 922 3525 1002 Principium
3550 924 3567 1005 (
3592 932 3661 988 Id.
3679 912 3756 1003 tm,

2249 1008 2321 1073 25
2343 1007 2385 1088 ).
2413 1006 2556 1089 Ergo
2599 1020 2654 1074 et
2675 1012 2807 1074 illud
2858 1020 2999 1091 quod
3038 1018 3090 1075 in
3121 1016 3317 1078 Genesi
3347 1023 3587 1094 seriptum
3612 1036 3694 1091 est,
3712 1024 3756 1082 In

2252 1102 2502 1180 principio
2532 1104 2649 1180 fecit
2684 1104 2822 1167 Deus
2857 1111 3037 1168 caelum
3065 1112 3112 1167 et
3158 1114 3389 1187 terram(
3409 1110 3529 1171 Gen.
3551 1124 3588 1183 t,
3612 1108 3633 1172 i
3654 1115 3761 1193 ΜΠ·

2251 1201 2503 1272 telligitur
2523 1201 2577 1259 iu
2612 1198 2766 1272 Filio,
2796 1203 2890 1275 qui
2918 1210 3001 1261 eSt
3027 1202 3368 1277 principium.
3397 1199 3485 1264 Sic
3522 1223 3633 1279 ergo
3654 1220 3758 1267 m-

2250 1306 2350 1383 per
2378 1290 2518 1348 Deus
2553 1286 2729 1383 Pater,
2781 1309 2995 1383 semper
3045 1291 3187 1355 Deus
3227 1293 3428 1383 Filius;
3469 1284 3582 1371 quia
3602 1308 3684 1357 nec
3700 1298 3763 1359 ille
3838 1316 3850 1383 ,'

2249 1382 2535 1455 aliquando
2553 1400 2658 1441 non
2678 1380 2859 1453 Pater,
2897 1382 2997 1443 nec
3022 1389 3123 1444 iste
3165 1382 3454 1461 aliquando
3494 1405 3597 1463 non
3619 1386 3761 1449 Filius.

2248 1476 2366 1532 Non
2382 1477 2527 1533 enim
2549 1487 2609 1534 ut
2630 1472 2791 1536 Pater
2810 1484 3095 1553 generaret
3113 1476 3332 1551 Filium,
3353 1479 3541 1541 minuit
3552 1480 3763 1557 Seipsam:

2250 1567 2344 1626 sed
2366 1570 2436 1626 ita
2464 1572 2648 1643 genuit
2672 1565 2741 1629 de
2764 1588 2825 1630 se
2864 1571 3091 1631 alterum
3134 1574 3347 1649 qualem
3391 1592 3469 1643 se,
3491 1574 3547 1633 ut
3564 1586 3679 1635 totus
3692 1597 3766 1637 ma-

2248 1671 2402 1765 neret
2428 1659 2483 1720 in
2524 1680 2622 1765 se.‘
2662 1660 2894 1737 Spiritus
2918 1678 3100 1725 autem
3136 1674 3357 1727 sanctus
3401 1686 3505 1728 non
3534 1672 3766 1765 praemdit‘

2247 1750 2390 1812 unde
2428 1750 2689 1841 procedit,
2717 1759 2816 1816 sed
2869 1758 3077 1834 integer
3120 1760 3189 1837 de
3238 1762 3468 1835 integro,
3519 1750 3611 1821 nec
3635 1766 3769 1823 minuit
3826 1750 3849 1841 Ις

2247 1860 2370 1903 eum
2409 1848 2768 1919 procedendo,
2802 1865 2904 1907 nec
2955 1861 3112 1924 auget
3152 1850 3436 1927 haerendo.
3466 1847 3530 1911 Et
3562 1848 3669 1931 haec
3702 1854 3767 1912 tria

2248 1954 2386 1996 unus
2410 1941 2574 2011 Deus,
2616 1935 2685 1999 de
2711 1958 2818 2016 quo
2844 1938 3104 2017 propheta
3129 1940 3263 2003 dicit
3293 1966 3309 2002 :
3358 1941 3437 2003 Tu
3467 1966 3517 2006 es
3538 1941 3658 2005 Deus
3676 1950 3767 2006 salu

2247 2048 2462 2105 magnus
2489 2032 2512 2107 (
2539 2028 2689 2090 Psal.
2745 2052 2923 2094 Lxxxv
2948 2079 2964 2106 ,
3015 2034 3085 2094 10
3110 2039 3154 2115 ).
3191 2034 3277 2096 Tu
3329 2048 3526 2110 autem,
3563 2042 3767 2113 heredes,

2247 2136 2509 2194 compone
2556 2126 2753 2197 gradus
2781 2167 2797 2195 ,
2853 2143 3043 2200 separa
3086 2126 3448 2188 Trinitatem:
3506 2127 3582 2189 iac
3617 2132 3767 2204 patrem

2246 2216 2529 2287 majorem,
2553 2210 2745 2274 Filium
2765 2216 3049 2289 minorem,
3069 2214 3332 2296 Spiritum
3345 2227 3579 2281 sanctum
3598 2238 3765 2297 sequen-

2247 2316 2375 2365 tem.
2404 2304 2512 2366 Sed
2533 2304 2645 2382 jam
2678 2304 2746 2368 de
2765 2306 2922 2380 Filio,
2951 2315 3093 2387 quod
3140 2314 3366 2388 aqualis
3390 2314 3460 2374 sit
3483 2312 3631 2387 Patri,
3650 2312 3767 2389 aliqua

2248 2400 2500 2472 diximus,
2523 2408 2579 2460 et
2602 2404 2745 2476 quod
2765 2400 3017 2475 occurrit,
3049 2406 3285 2465 diximus
3319 2429 3334 2466 :
3372 2404 3562 2468 audiet
3581 2406 3638 2467 de
3652 2406 3767 2483 Spiri-

2248 2502 2306 2550 tu
2333 2502 2542 2565 sancto,
2589 2511 2749 2568 quem
2793 2496 3057 2555 minorem
3100 2496 3184 2556 vis
3218 2515 3347 2558 esse
3390 2495 3545 2559 Patre
3582 2511 3630 2559 et
3657 2498 3764 2558 Filio.

2245 2580 2451 2660 Nempe
2488 2582 2720 2661 Spiritus
2768 2592 2988 2649 sanctus
3017 2592 3131 2664 ipse
3176 2588 3413 2665 Spiritus
3454 2604 3534 2651 est
3559 2588 3656 2651 Dei.
3676 2589 3767 2649 Audi

2247 2690 2302 2738 et
2327 2678 2442 2753 ipse
2466 2680 2609 2756 quod
2632 2680 2790 2741 simul
2827 2684 2898 2743 sit
2924 2696 3048 2743 cum
3088 2681 3251 2746 Patre
3275 2697 3335 2746 et
3362 2684 3521 2759 Filio,
3549 2698 3598 2745 et
3632 2682 3767 2757 ubique

2245 2772 2319 2832 sit
2349 2786 2517 2835 totus.
2564 2776 2725 2847 Deus,
2758 2778 2933 2853 inquit
2979 2780 3216 2839 Joannes
3253 2778 3562 2854 Apostolus,
3608 2778 3767 2853 Spiritus

2246 2880 2319 2927 est
2342 2872 2361 2947 (
2385 2864 2542 2929 Ioan.
2571 2882 2646 2942 Iv,
2670 2868 2744 2931 24
2774 2870 2818 2947 ).
2839 2866 2910 2931 Et
2932 2874 3047 2947 ipse
3073 2868 3240 2953 Filius
3274 2888 3376 2949 per
3405 2865 3685 2950 prophetam
3703 2870 3764 2940 ait,

2245 2960 2480 3038 Spiritus
2533 2960 2744 3023 Domini
2793 2984 2946 3039 super
2976 2984 3057 3023 me
3085 2966 3259 3040 (Isai.
3294 2984 3406 3039 LXI,
3435 2968 3460 3026 i
3490 2964 3513 3042 )
3545 2987 3557 3024 :
3589 2984 3674 3024 non
3703 2966 3764 3031 ait,
3818 2960 3849 3042 [1

2244 3068 2367 3129 post
2395 3073 2503 3125 me,
2523 3069 2581 3115 ut
2602 3070 2917 3131 sequentem
2963 3072 3086 3118 eum
3126 3057 3352 3133 faceret,
3399 3058 3483 3120 vel
3529 3063 3761 3124 minorem;
3818 3057 3849 3133 Ιτ

2241 3150 2345 3206 sed
2363 3151 2456 3217 ait,
2478 3168 2633 3224 super
2670 3168 2769 3207 me.
2800 3146 2957 3209 Unde
3012 3161 3066 3209 et
3110 3148 3339 3226 angelus
3386 3152 3589 3211 Gabriel
3621 3153 3672 3209 ad
3690 3149 3763 3207 lla-
3820 3146 3850 3226 ι1

2240 3242 2380 3297 riam
2411 3260 2424 3297 :
2464 3238 2694 3316 Spiritus
2717 3256 2941 3313 sanctus,
2964 3244 3154 3318 inquit,
3182 3246 3499 3319 superveniet
3523 3248 3626 3302 inte
3648 3243 3765 3318 (Ιιιιο
3820 3238 3849 3319 I:

2242 3350 2284 3405 l,
2302 3331 2422 3416 '55).
2447 3332 2612 3392 David
2632 3353 2847 3410 quoque
2869 3334 3128 3410 prOpheta
3152 3357 3166 3395 :
3202 3336 3420 3408 Quaibo
3443 3358 3475 3394 a
3498 3332 3671 3413 Spiritu
3693 3345 3766 3403 tuo,

2243 3436 2293 3481 et
2320 3444 2351 3480 a
2370 3422 2503 3496 [acie
2529 3436 2615 3483 tua
2656 3446 2753 3501 quo
2782 3424 3027 3501 fugiam?
3061 3424 3125 3486 Si
3146 3431 3429 3488 ascendere
3470 3428 3521 3486 in
3554 3431 3768 3493 calum,“
3814 3422 3849 3501 Ιι

2241 3516 2313 3571 ibi
2334 3534 2404 3584 es,
2431 3516 2476 3572 si
2498 3516 2799 3574 descendero
2814 3516 2865 3575 in
2885 3520 3142 3592 abyssum,
3158 3531 3213 3577 tu
3238 3523 3364 3579 ades
3390 3519 3766 3598 (Psa!.cxxwi,

2242 3604 2276 3665 7
2301 3619 2350 3666 et
2376 3608 2603 3683 8).Ergo
2631 3613 2674 3667 si
2702 3610 2935 3684 Spiritus
2958 3606 3050 3671 Dei
3082 3616 3137 3671 et
3176 3616 3227 3671 in
3259 3614 3407 3674 etelo
3444 3620 3497 3675 et
3523 3615 3572 3673 in
3604 3624 3715 3672 terra
3730 3618 3768 3668 et

2240 3702 2299 3758 in
2338 3698 2547 3759 inferno
2571 3702 2718 3760 adest
2746 3720 2866 3761 cum
2904 3702 2998 3762 illo
3025 3705 3117 3787 qui
3142 3702 3296 3778 dicit,
3331 3704 3519 3766 Citium
3553 3719 3595 3765 et
3632 3719 3765 3763 tam!

2241 3810 2334 3867 ego
2361 3795 2547 3865 impleo
2567 3793 2588 3867 (
2609 3788 2801 3853 Ierem.
2826 3814 2975 3868 χχιιι,
2993 3792 3064 3855 24
3090 3794 3150 3871 );
3175 3815 3309 3873 ergo
3334 3790 3556 3859 Trinitas
3587 3803 3765 3856 unusest

2241 3886 2407 3942 Deus.
2437 3887 2544 3943 Sed
2574 3889 2698 3945 audi
2741 3884 2937 3958 adhuc,
2995 3890 3267 3962 haeretice,
3302 3893 3442 3952 unde
3474 3889 3759 3954 convincaris,

2240 3980 2383 4051 quod
2409 3980 2642 4037 Trinitas
2692 3994 2831 4040 unus
2857 3979 2927 4041 sit
2972 3978 3132 4041 Deus.
3179 3980 3236 4042 in
3260 3987 3382 4060 ipso
3408 3984 3643 4060 principio
3678 3978 3761 4038 libri

2240 4073 2533 4143 Geneseos,
2565 4070 2704 4147 quod
2741 4071 2995 4146 diximus,
3020 4072 3280 4151 scriptum
3329 4091 3430 4149 est,
3467 4074 3531 4135 In
3575 4071 3759 4151 principio

2239 4165 2358 4238 fecit
2388 4164 2527 4224 Deus
2549 4168 2731 4225 caelum
2755 4179 2801 4225 ct
2822 4178 3028 4226 terram.
3057 4164 3199 4251 Ecce
3237 4172 3383 4232 Deus
3411 4174 3577 4242 Pater,
3597 4181 3642 4229 et
3653 4168 3758 4242 prin-

2236 4257 2437 4365 ciyium
2485 4256 2673 4331 Filius,
2705 4259 2999 4319 secundum
3036 4264 3180 4336 quod
3220 4282 3282 4323 se
3307 4262 3440 4323 dixit
3476 4282 3589 4324 esse
3612 4260 3755 4336 princiv

2238 4352 2406 4424 pium.
2429 4352 2483 4411 Si
2509 4364 2688 4412 autem
2705 4352 3024 4428 etSpiritum
3050 4368 3294 4417 sanctum
3316 4361 3506 4434 quaeris
3534 4357 3752 4430 :Spiril“.

2236 4442 2430 4515 inquit,
2460 4442 2557 4501 Dei
2601 4444 3008 4520 superferebatur
3026 4468 3181 4524 super
3227 4470 3405 4525 aquas.
3455 4450 3577 4510 Cum
3605 4446 3751 4522 ergoiﬂ

2235 4534 2687 4610 consequentibus
2704 4538 2917 4612 legitur,
2946 4536 3087 4598 Dixit
3103 4540 3262 4615 Deus,
3292 4540 3414 4602 Fiat
3433 4540 3553 4614 lup;
3578 4553 3639 4612 et,
3662 4537 3751 4595 Fin.

2232 4627 2312 4681 ait
2332 4626 2470 4682 Dcus
2498 4630 2561 4684 de
2589 4639 2754 4698 terra;
2780 4640 2855 4699 et,
2894 4630 3039 4689 Fecit
3086 4630 3229 4692 Deus
3254 4652 3272 4692 :
3298 4636 3401 4693 hoc
3430 4636 3749 4693 demonstratur

2231 4716 2381 4791 quod
2428 4716 2807 4794 inseparabilia
2836 4735 2961 4781 sunt
2982 4738 3146 4798 opera
3186 4722 3477 4786 Trinitatis.
3506 4724 3748 4785 Evidentius

2237 4811 2342 4867 hoc
2369 4813 2421 4868 in
2451 4818 2901 4887 consequentibus
2944 4818 3361 4880 demonstratur.
3388 4820 3514 4879 Nam
3534 4835 3635 4878 cum
3657 4831 3748 4872 ven-

2231 4913 2351 4960 tum
2375 4908 2594 4963 essetad
2630 4906 2684 4963 id
2732 4918 2795 4965 ut
2823 4910 2983 4968 homo
3015 4910 3359 4983 formaretur,
3386 4914 3459 4974 ait
3488 4914 3711 4985 Scriptura
3735 4923 3744 4958 τ

2230 4992 2309 5053 Et
2338 4996 2464 5056 dixit
2490 5000 2647 5073 Deus,
2700 4999 2975 5064 Faciamus
3010 5008 3262 5067 hominem
3287 5013 3357 5068 ad
3394 5001 3744 5083 imaginanti-

2230 5093 2574 5149 ‘militudinem
2599 5106 2845 5154 nostram.
2873 5098 2989 5157 Non
3012 5101 3165 5171 dixit,
3199 5103 3407 5161 Faciam
3436 5103 3497 5159 ad
3520 5098 3740 5170 imaginem

2228 5192 2293 5238 et
2319 5182 2721 5245 similitudinem
2746 5206 2938 5260 meam,
2966 5202 3026 5249 ut
3053 5195 3197 5251 solus
3219 5184 3377 5267 Pater
3399 5194 3739 5264 intelligeretur;

2236 5290 2338 5332 nec
2353 5272 2505 5346 dixit,
2558 5274 2698 5348 Fiat,
2741 5291 2799 5339 ut
2848 5276 2985 5341 Filio
3014 5287 3175 5343 veluti
3210 5287 3425 5358 juberet
3463 5286 3632 5349 facere.
3666 5288 3737 5349 Ρθτ

2228 5384 2394 5441 quem
2418 5366 2559 5429 facta
2601 5382 2725 5431 sunt
2749 5368 2970 5444 omnia;
2996 5393 3111 5439 ,nec
3152 5374 3350 5439 dictum
3390 5389 3485 5447 est,
3513 5374 3731 5433 Fecerunt.

2233 5469 2295 5517 ut
2313 5460 2504 5535 singuli
2554 5466 2760 5538 singula
2790 5464 2844 5522 in
2891 5485 2958 5527 eo
3003 5469 3309 5549 conferrent
3348 5487 3499 5549 Opera
3535 5455 3731 5525 suawed

2230 5570 2358 5613 cum
2390 5555 2659 5621 diceretur
2680 5601 2696 5628 ,
2748 5556 3026 5619 Faciamus
3076 5552 3325 5623 hominem
3361 5564 3427 5621 ad

2296 5804 2401 5878 {tu
2431 5803 2709 5878 pivtoaensi
2743 5810 2825 5854 tus.
2848 5806 3180 5878 supstitutum
3217 5814 3288 5862 est
3325 5818 3351 5861 a
3382 5798 3567 5857 secunda
3593 5801 3718 5852 mni

3846 2077 3850 2087 ν

3847 2258 3849 2271 4

3848 2732 3849 2749 i

3847 2906 3850 2925 i

3847 3093 3849 3105 ι

3848 3194 3849 3207 ι

3847 3210 3850 3220 λ

3848 3276 3849 3285 l

3848 3466 3849 3489 i
