3860 6284
61 291 142 350 ω
1177 290 1405 348 SERMO
1443 291 1534 348 DE
1571 293 1852 364 QUARTA
1892 299 2119 358 FERIA.

56 413 261 478 geretur;
291 401 468 458 statim
493 399 832 472 subjunctum
861 409 963 468 est,
994 402 1060 457 Et
1089 403 1209 475 fecit
1258 404 1397 461 Deus
1435 407 1602 460 homi-

3193 323 3298 382 686

1709 411 1875 480 ipsius
1921 429 2066 470 vera:
2112 416 2211 471 viae
2257 420 2644 479 convincuntur
2692 435 2850 497 atque
2899 432 3323 492 confunduntur

55 515 160 562 netu,
205 495 270 550 ad
297 495 575 565 imaginem
614 495 910 592 suam‘fecit
964 494 1109 550 illum
1135 493 1301 592 (Cen.
1331 513 1348 552 ι
1392 497 1435 568 ).
1461 497 1602 592 lices
1706 502 1972 561 dicentis:
2007 505 2164 564 Multi
2207 511 2331 566 mihi
2374 512 2538 569 dicent
2567 516 2619 570 in
2648 517 2735 572 illo
2765 493 2874 587 die,
2919 521 3153 592 Domine,
3189 527 3298 583 Do-

55 607 128 662 per
147 587 427 656 Scripturas
457 594 676 641 sanctas
701 585 940 642 Trinitas
993 601 1133 642 unus
1170 587 1314 682 Deus
1339 587 1602 658 prmdica-
1704 595 1874 662 mina,
1900 613 2069 654 nonne
2095 599 2150 655 in
2188 610 2274 657 tuo
2312 605 2514 661 nomine
2553 585 2961 680 prophetauiinus
2979 653 3005 682 ,.
3022 627 3070 670 et
3111 585 3164 672 in
3206 613 3294 677 tuo
3399 598 3408 608 ’

53 694 146 749 tur;
181 681 382 737 arianus
429 680 707 736 convictus
746 677 1032 750 aliquando
1079 677 1450 737 confundatur.
1473 680 1599 738 Sed
1705 688 1909 744 nomine
1947 689 2198 748 daemonia
2243 697 2478 768 ejecimus
2501 740 2516 765 ,
2554 677 2602 754 et
2635 677 2688 756 in
2736 713 2820 759 tuo
2851 677 3052 762 nomine
3089 711 3294 768 uirtutes

49 774 143 831 audi
163 772 341 839 adhuc,
362 770 641 838 baeretice,
674 772 975 842 apostolum
1015 770 1242 828 Paulum
1268 772 1596 829 convincen-

48 879 129 924 tem
154 874 197 922 le
215 875 267 921 et
284 865 577 921 docentem
600 879 706 930 me,
729 864 852 920 audi
874 864 1000 937 quid
1025 865 1096 921 de
1121 865 1235 922 Deo
1261 865 1398 922 Filio
1417 864 1592 922 dicat:

47 961 159 1027 Cum,
176 957 350 1030 inquit,
375 957 620 1028 informa
645 955 742 1012 Dei
766 966 911 1026 esset,
937 974 1040 1012 non
1064 959 1299 1028 rapinam
1321 957 1596 1013 arbitratus

45 1064 97 1110 ut
115 1069 202 1109 esse
222 1050 425 1122 aqualis
449 1048 568 1106 Deo
593 1051 615 1123 (
641 1049 880 1125 Philipp.
899 1067 961 1120 tt,
991 1051 1025 1108 6
1053 1052 1091 1125 ).
1120 1050 1215 1108 llle
1236 1067 1358 1108 eum
1387 1051 1590 1122 praedi-

47 1157 107 1203 cat
134 1144 388 1216 aequalem,
413 1152 474 1200 tu
485 1159 613 1199 eum
631 1143 828 1200 asseris
845 1144 1129 1199 minorem.
1144 1142 1243 1199 Cui
1261 1142 1592 1200 credendum

46 1247 120 1304 est,
139 1235 390 1308 Apostolo,
414 1251 487 1290 an
522 1235 620 1292 tibi
651 1235 791 1291 itibi
820 1250 979 1307 quem
1010 1242 1152 1290 totus
1192 1234 1337 1290 orbis
1373 1233 1588 1304 abjeeit,

48 1345 96 1385 an
117 1329 177 1384 illi
211 1342 360 1400 quem
389 1335 541 1383 totus
560 1326 794 1384 mundus
821 1326 1098 1398 suscepit?
1124 1325 1291 1383 Cedat
1320 1325 1483 1398 igitur
1504 1324 1592 1382 vel

50 1420 375 1477 seroconvicta
413 1419 754 1490 perversitas
788 1427 898 1486 tua,
934 1419 1058 1489 quia
1081 1419 1192 1491 jam
1219 1427 1390 1474 totum
1421 1434 1588 1475 mun-

57 1516 147 1571 dum
161 1513 372 1585 possedit
405 1513 723 1585 evangelica
747 1521 800 1569 et
818 1512 1108 1584 apostolica
1132 1511 1394 1568 doctrina.

106 1607 277 1664 CAPUT
304 1605 442 1664 VIII.
463 1637 539 1647 —
559 1607 618 1663 8.
638 1606 1034 1678 Pelagianorum
1061 1605 1287 1662 haeresis.
1308 1605 1429 1661 Alia
1456 1619 1590 1677 quo-

54 1702 361 1772 qrtespelunca
405 1701 685 1757 latronum
731 1715 840 1756 non
875 1700 1140 1756 bonorum
1164 1741 1180 1766 ,
1209 1700 1587 1755 haereticorum

50 1792 402 1864 Pelagianorum,
433 1799 493 1848 et
520 1790 944 1848 demonstranda
973 1800 1057 1848 est
1084 1799 1139 1847 et
1162 1791 1398 1848 cavenda
1427 1808 1441 1845 :
1468 1793 1588 1846 haec

51 1896 106 1941 est
131 1886 245 1941 enim
288 1901 474 1942 eorum
527 1900 786 1956 perversa
827 1884 1089 1941 doctrina.
1136 1883 1272 1939 Cum
1309 1883 1586 1954 Scriptura

51 1977 163 2043 dicat,
183 1976 471 2034 Maledicta:
497 1978 660 2034 homo
686 1977 773 2050 qui
797 1993 936 2048 spem
959 1993 1107 2033 suam
1132 1977 1274 2048 ponit
1302 1977 1356 2030 in
1381 1976 1587 2032 homine

53 2070 204 2138 (Jerem.
226 2085 348 2138 xvn,
374 2067 466 2143 5);
501 2078 559 2126 et
585 2111 602 2136 ,
635 2070 735 2136 Qui
757 2069 1003 2141 gloriatur
1021 2112 1035 2138 ,
1063 2070 1117 2123 in
1140 2069 1364 2124 Domino
1392 2069 1581 2141 glorie-

51 2170 104 2213 tur
125 2161 283 2233 (lCor.
311 2179 346 2228 t,
375 2163 467 2233 51)
495 2182 508 2218 :
545 2163 640 2220 isti
667 2171 872 2228 contra,
904 2162 1005 2219 hoc
1029 2162 1370 2219 maledictum
1402 2161 1582 2218 homi-

55 2267 242 2310 nemuou
261 2254 537 2312 incurrere
561 2255 904 2326 promittunt,
928 2255 972 2312 si
993 2255 1060 2311 de
1081 2271 1139 2313 se
1159 2257 1580 2327 praesumpserit,

52 2343 112 2397 vel
142 2347 180 2399 in
202 2360 251 2401 se
284 2347 398 2417 ipso
425 2347 694 2419 gloriatus
737 2346 918 2402 fuerit.
967 2347 1073 2403 Sed
1111 2347 1238 2416 quid
1267 2357 1452 2402 contra
1482 2348 1583 2404 hos

55 2436 171 2491 multa
191 2437 458 2495 dicamus?
507 2440 631 2496 Hoc
659 2439 905 2512 promisit
949 2448 1002 2496 et
1031 2449 1182 2511 pater
1223 2441 1433 2496 illorum
1463 2439 1581 2495 dia-

55 2526 159 2582 bolus
181 2529 245 2584 illi
272 2534 440 2602 primo
465 2530 681 2588 homini
707 2549 720 2585 :
748 2529 871 2588 Non
901 2541 1080 2602 morte,
1110 2533 1299 2604 inquit,
1327 2533 1578 2602 morieris,

57 2618 146 2673 (lilii
177 2622 287 2675 sicut
319 2623 408 2676 dii.
456 2623 636 2678 Deum
680 2623 1036 2693 contempsit,
1067 2624 1301 2693 serpenti
1331 2623 1578 2692 credidit,

56 2713 230 2781 etquod
268 2726 546 2786 acceperat
595 2715 846 2786 perdidit.
892 2715 950 2770 Si
1000 2725 1122 2769 tunc
1152 2715 1240 2770 ille
1281 2713 1442 2770 homo
1471 2730 1579 2770 non

56 2799 118 2856 luit
149 2813 326 2873 cautus,
375 2822 519 2863 nunc
575 2806 740 2862 homo
783 2815 970 2863 caveat
1012 2806 1094 2863 vel
1138 2815 1407 2877 expertus.
1457 2805 1583 2862 Odit

57 2892 152 2948 Deus
174 2907 570 2970 praesumptores
600 2899 668 2955 de
688 2898 890 2954 viribus
912 2899 1046 2954 suis.
1075 2898 1214 2966 Quid
1241 2899 1382 2953 enim
1405 2900 1582 2954 valeat

58 2985 220 3043 liberum
251 2989 520 3046 arbitrium
571 3005 677 3045 non
724 2989 984 3060 adjutum,
1032 2989 1086 3043 in
1124 2990 1241 3059 ipso
1271 2990 1438 3043 Adam
1475 2988 1575 3044 deo

58 3092 330 3140 monstratum
364 3094 466 3142 est.
509 3083 600 3141 Ad
627 3084 825 3140 malum
855 3083 1054 3138 sufﬁcit
1080 3082 1221 3148 sibi;
1271 3081 1338 3138 ad
1379 3082 1576 3138 bonum

59 3183 143 3237 non,
178 3175 262 3231 nisi
288 3177 574 3248 adjuvetur
600 3193 632 3233 a
659 3179 788 3234 Deo.
842 3177 1054 3233 Primus
1100 3177 1243 3232 enim
1284 3177 1376 3232 ille
1417 3176 1578 3232 homo

60 3265 204 3334 accepit
225 3267 432 3324 liberum
457 3270 746 3325 arbitrium
771 3277 999 3335 rectum,
1023 3277 1078 3323 et.
1102 3268 1277 3338 posuit
1303 3276 1428 3323 ante
1451 3283 1576 3323 eum

60 3351 169 3421 Deus,
193 3358 312 3416 sicut
334 3360 612 3432 Scriptura
643 3360 791 3427 dicit,
822 3361 989 3433 ignem
1015 3369 1062 3414 et
1089 3375 1273 3429 aquam
1298 3376 1317 3413 :
1345 3360 1414 3413 ad
1440 3359 1578 3434 quod

60 3445 227 3514 rolueris,
257 3451 447 3522 inquit,
478 3454 692 3525 porrige
717 3469 924 3507 manum
961 3460 1100 3506 tuam
1126 3447 1311 3521 (Eccli.
1340 3467 1430 3518 xv,
1461 3449 1574 3524 17).

60 3531 178 3606 Elegit
197 3541 372 3613 ignem,
395 3545 619 3617 reliquit
641 3559 855 3616 aquam.
882 3543 1068 3599 Videte
1091 3543 1292 3612 justum
1317 3541 1576 3611 iudicem.

61 3623 162 3691 Quod
185 3633 320 3704 elegit
347 3635 506 3693 homo
535 3637 699 3703 liber,
731 3635 937 3706 accepit
965 3651 978 3688 :
1010 3634 1208 3689 malum
1241 3633 1438 3700 voluit,
1473 3633 1576 3689 hoc

63 3715 161 3774 illum
182 3737 394 3783 secutum
419 3739 521 3786 est.
575 3730 763 3786 Videte
788 3744 1000 3784 rursum
1031 3728 1176 3784 illum
1201 3728 1402 3796 justum
1428 3724 1575 3796 judi-

63 3821 140 3863 cent
177 3817 573 3878 misericordiam
628 3821 931 3876 facientem.
992 3819 1124 3875 Cum
1175 3820 1380 3874 videret
1430 3807 1576 3889 quod

65 3897 172 3957 homo
192 3914 334 3964 totam
374 3913 604 3984 stirpem
633 3927 783 3967 suam
805 3953 820 3976 ,
853 3911 991 3966 male
1029 3925 1158 3965 usus
1186 3911 1357 3965 libero
1386 3910 1575 3964 volun-

66 3994 146 4049 tatis
175 3999 382 4071 arbitrio,
431 4007 484 4063 in
514 4022 582 4064 se
624 4015 875 4076 tanquam
907 4005 962 4060 in
1006 4004 1186 4062 radice
1225 4005 1569 4072 damnasset;

67 4082 138 4152 ipse
169 4107 256 4149 non
299 4107 503 4169 rogatus
553 4098 622 4154 de
667 4099 807 4155 celo
852 4097 1149 4164 descendit,
1198 4105 1254 4152 et
1298 4096 1571 4152 hominem

67 4185 244 4250 superbia
267 4205 571 4261 pereuntem
593 4195 636 4263 ί,
664 4207 761 4250 sua
787 4191 1086 4248 humilitate
1116 4189 1323 4244 sanavit
1349 4208 1362 4242 :
1388 4204 1574 4244 erran-

67 4279 116 4360 lts
136 4281 337 4346 perduxit
354 4288 417 4344 ad
437 4290 604 4354 viam,
627 4286 938 4360 peregrinos
970 4283 1214 4356 perducit
1235 4282 1300 4339 ad
1324 4283 1570 4354 patriam.

68 4359 143 4421 Non
165 4387 269 4444 ergo
289 4379 536 4448 glorietur
562 4359 794 4438 humana
823 4386 1014 4436 natura
1053 4376 1121 4434 de
1160 4389 1221 4431 se
1242 4417 1258 4444 ,
1289 4374 1385 4432 sed
1425 4374 1478 4430 in
1507 4388 1574 4430 eo

68 4457 252 4526 glorietur
272 4474 352 4543 qui
376 4475 493 4532 iecit
523 4493 606 4533 se.

113 4553 287 4618 CAPUT
319 4565 404 4623 IX.
425 4601 495 4611 —
528 4569 581 4627 9.
607 4567 853 4625 [heretici
885 4583 988 4622 una
1013 4580 1130 4622 voce
1158 4561 1570 4636 confunduntur.

69 4639 148 4700 ³³η)
167 4665 266 4709 Vero
300 4670 496 4719 caetera
539 4672 699 4719 sectae
725 4661 1102 4718 haereticorum
1134 4658 1404 4715 Christum
1430 4656 1572 4712 viam

74 4741 389 4807 pradicantium
408 4797 423 4823 ,
450 4756 548 4813 sed
589 4756 745 4830 longe
770 4771 800 4811 a
824 4756 908 4810 via
950 4753 1240 4810 errantium
1262 4792 1277 4820 ,
1308 4765 1410 4806 una
1437 4765 1575 4808 voce

115 4851 126 4881 ¹
145 4859 239 4916 κᾶν
249 4858 483 4918 hmanum
491 4879 642 4933 genus
656 4864 882 4932 superbia
896 4871 1189 4928 perewttem,
1205 4869 1307 4924 aut,
1327 4866 1572 4928 peremzte.

1703 781 1890 839 multas
1932 786 2188 858 fecimus?
2229 783 2298 844 Et
2343 799 2461 846 tttnc
2503 793 2670 849 dicant
2713 796 2803 864 eis,
2843 795 2965 854 Non
3009 802 3122 854 novi
3160 819 3246 857 vos
3274 819 3296 858 :

1699 876 1916 931 recedite
1961 895 1996 932 a
2041 895 2158 947 me,
2214 898 2385 938 omnes
2434 885 2520 954 qui
2565 879 2760 956 operati
2815 891 2932 946 estis
2978 873 3294 964 iniquitatem
3380 915 3382 917 ν

1700 965 1916 1039 (Matth.
1945 985 2046 1040 vn,
2076 967 2216 1027 22st
2243 973 2371 1047 23).
2406 975 2528 1032 Ideo
2559 981 2764 1048 operati
2786 982 3288 1058 estisiniquitatcm,

1698 1061 1821 1132 quia
1849 1057 2106 1120 Ecclesiae
2146 1062 2277 1124 meae
2308 1069 2658 1140 perturbastis
2689 1074 2966 1130 unitatem.

1767 1152 1994 1211 CAPUT
2035 1155 2102 1212 X.
2128 1187 2202 1197 ——
2227 1158 2313 1214 10.
2344 1157 2663 1216 Eximi-tatur
2697 1163 3029 1235 baptizaudos
3068 1179 3123 1223 ut
3151 1179 3291 1226 tecta

1697 1243 1904 1298 tendant
1931 1246 1997 1299 arl
2037 1247 2276 1317 patriam.
2306 1247 2415 1303 Vos
2440 1260 2654 1318 autem,
2688 1249 2859 1309 ﬁdelia
2890 1257 3130 1327 germina
3161 1275 3288 1314 san-

1694 1342 1794 1390 ctm
1825 1337 2011 1392 matris
2037 1337 2296 1395 Ecclesiae
2335 1340 2615 1415 catholica:
2653 1359 2749 1413 per
2786 1348 3090 1404 universum
3123 1348 3286 1406 mun-

1693 1423 1822 1480 dum
1867 1427 2104 1496 diffusa),
2149 1430 2315 1501 fugite
2359 1423 2546 1490 omnes
2581 1434 2836 1492 haereses.
2885 1439 2941 1494 Si
2983 1442 3102 1512 quis
3139 1439 3287 1521 aliud

1692 1519 2138 1590 evangelizaverit
2167 1523 2337 1590 vobis,
2370 1525 2653 1582 anathema
2682 1528 2751 1583 sit
2780 1528 2974 1601 (Galat.
2999 1548 3038 1599 ι,
3066 1534 3143 1603 9).
3177 1519 3287 1590 Re-

1691 1616 1806 1664 ctos
1851 1625 2037 1666 cursus
2086 1612 2242 1668 tacite
2288 1611 2514 1684 pedibus
2555 1618 2750 1674 vestris
2792 1637 2807 1674 :
2855 1637 2958 1694 non
3002 1623 3284 1680 declinetis

1691 1714 1792 1755 nec
1816 1699 1884 1756 ad
1919 1700 2193 1758 dexteram
2216 1708 2612 1777 prmsumendo,
2655 1725 2754 1766 nec
2790 1711 2857 1767 ad
2885 1713 3154 1780 sinistram
3185 1700 3289 1771 de;

1690 1794 1977 1863 sperando.
2003 1795 2216 1854 Currite
2243 1798 2502 1856 velociter
2526 1810 2727 1858 rectam
2756 1804 2894 1863 viam
2940 1823 2952 1859 :
2983 1805 3102 1874 ipsa
3136 1791 3286 1863 enim

1689 1903 1784 1943 vos
1828 1887 2074 1959 perducit
2123 1890 2190 1946 ad
2239 1892 2506 1962 patriam;
2555 1895 2621 1950 ad
2670 1895 2815 1950 illam
2855 1898 3083 1968 patriam
3127 1899 3283 1968 cujus

1687 1979 1834 2036 cives
1861 1980 2050 2052 Angeli
2077 1991 2220 2051 sunt,
2248 1984 2398 2053 cujus
2432 1987 2686 2056 templum
2713 1979 2876 2054 Deus,
2921 1990 3073 2060 cujus
3103 1991 3285 2061 Splen-

1687 2070 1788 2126 dor
1832 2072 2019 2137 Filius,
2059 2075 2214 2144 cujus
2259 2076 2494 2133 charilas
2527 2078 2757 2148 Spiritus
2800 2091 3053 2149 sanctus;
3094 2072 3284 2142 civitas

1688 2171 1889 2225 sancta.
1915 2164 2103 2220 civitas
2129 2167 2319 2234 beata;
2358 2169 2544 2225 civitas
2572 2171 2660 2226 ubi
2689 2173 2864 2228 nullus
2891 2175 3029 2244 perit
3056 2177 3280 2244 amicus,

1687 2270 1793 2326 quo
1820 2255 1995 2312 nullus
2034 2258 2332 2316 admittitur
2358 2262 2642 2329 inimicus;
2685 2265 2776 2322 ubi
2815 2267 2993 2322 nullus
3031 2271 3279 2341 moritur,

1686 2350 1808 2420 quia
1849 2351 2030 2407 nullus
2069 2353 2278 2422 oritur;
2323 2357 2501 2412 nullus
2555 2358 2892 2429 inﬁrmatur,
2935 2366 3058 2434 quia
3096 2367 3284 2422 incora

1686 2451 1841 2514 rupta
1867 2445 2040 2500 salute
2069 2445 2303 2501 laetatur.
2357 2448 2490 2503 Cum
2533 2451 2663 2507 illuc
2687 2454 3015 2520 venerimus,
3057 2472 3166 2512 non
3207 2457 3285 2515 ibi

1686 2536 1985 2593 esuriemus
2030 2547 2122 2593 aut
2166 2540 2410 2596 sitiemus
2445 2558 2458 2596 :
2496 2543 2629 2598 visio
2673 2545 2787 2617 ipsa
2834 2548 3053 2603 satietas
3097 2559 3284 2606 nostra

1686 2629 1807 2684 erit.
1837 2628 1950 2684 Non
1984 2629 2053 2685 ibi
2082 2631 2444 2699 dormiemus,
2475 2635 2598 2704 quia
2629 2652 2736 2691 non
2777 2638 2847 2693 ibi
2892 2639 3281 2698 laborabimus.

1684 2721 1838 2778 Nulla
1865 2723 2144 2792 cujuslibet
2178 2726 2254 2780 rei
2283 2727 2583 2782 necessaria
2616 2729 2718 2783 erit
2743 2729 2989 2800 refectio,
3019 2734 3108 2788 ubi
3137 2733 3282 2790 nulla

1686 2817 1788 2872 erit
1828 2814 2078 2872 defectio.
2120 2815 2405 2886 Vivcmus,
2442 2821 2814 2890 regnabimus,
2857 2823 3177 2879 laetabimur.
3222 2825 3283 2882 Si

1687 2916 1890 2963 tantum
1927 2906 2161 2965 delectat
2205 2926 2329 2966 cum
2369 2911 2438 2968 de
2478 2926 2541 2968 ea
2590 2913 2880 2984 loquimur,
2924 2915 3052 2987 quid
3091 2917 3191 2972 erit
3227 2923 3285 2974 et

1685 2999 1911 3055 videre?
1958 3000 2157 3056 Videre
2204 3002 2369 3056 Deum
2392 3043 2407 3069 ,
2438 3003 2618 3060 vivere
2655 3019 2774 3060 cum
2823 3007 2965 3074 Deo,
2999 3008 3179 3062 vivere
3211 3007 3286 3063 de

1685 3092 1817 3146 Deo.
1853 3090 1972 3147 Vita
2009 3093 2151 3148 enim
2199 3102 2379 3149 nostra
2427 3096 2530 3149 erit
2575 3094 2792 3151 laudare
2824 3096 2994 3152 Deum
3017 3139 3032 3166 ,
3072 3107 3127 3152 et
3164 3098 3283 3154 sine

1684 3181 1896 3239 defectu
1951 3199 2155 3240 amare.
2202 3184 2347 3240 Beati
2383 3187 2558 3254 enim,
2588 3173 2663 3243 ait
2689 3187 2980 3258 propheta,
3015 3189 3106 3260 qui
3135 3189 3281 3244 Ιηιῡὶ-

1685 3285 1792 3329 tant
1819 3276 1873 3329 in
1903 3277 2052 3330 domo
2081 3285 2197 3342 tua,
2234 3277 2489 3344 Domine;
2530 3281 2584 3334 in
2620 3281 2811 3335 alecula
2837 3281 3142 3336 saeculorum
3166 3281 3284 3336 lau-

1683 3367 1875 3424 dabunt
1915 3379 1964 3424 te
2001 3367 2175 3440 (Psat.
2205 3385 2434 3439 Lxxxm,
2465 3371 2556 3445 5).
2586 3372 2803 3428 Fratres
2842 3372 3203 3442 dilectissimi,
3233 3375 3283 3432 si

1683 3477 1805 3518 cum
1851 3463 2224 3534 navigantibus
2269 3464 2650 3533 laboravimus,
2695 3476 2751 3522 et
2781 3467 3076 3524 viatoribus
3111 3468 3279 3523 duca-

1685 3568 1796 3612 tum
1823 3557 2149 3627 praebuimus
2167 3600 2179 3620 ,
2207 3557 2252 3610 si
2291 3557 2475 3613 devias
2517 3558 2697 3614 fauces
2734 3559 3000 3615 latronum
3022 3602 3038 3626 ,
3065 3560 3169 3615 hoc
3198 3567 3286 3618 est

1687 3648 2062 3704 haereticorum
2090 3691 2105 3716 ,
2152 3648 2381 3704 sollicite
2439 3648 2960 3716 demonstravimus,
3009 3651 3055 3705 si
3107 3651 3283 3721 ipsum

1684 3740 1908 3811 patriam
1953 3739 2229 3796 caelestem
2274 3739 2596 3796 declaratum
2647 3748 2811 3812 atque
2853 3737 3281 3796 demonstratam

1677 3832 1787 3902 jam
1816 3834 2038 3888 cernitis
2081 3833 2251 3888 oculis
2277 3834 2455 3888 cordis
2481 3834 2686 3899 vestri;
2734 3834 2940 3890 reddite
2975 3836 3128 3890 nobis
3163 3836 3282 3890 fru-

1684 3933 1826 3980 ctum
1858 3924 2058 3980 laboris
2087 3926 2277 3979 nostri.
2311 3923 2568 3990 Reddite,
2598 3926 2810 3992 fratres,
2840 3926 3046 3981 reddite
3065 3968 3078 3990 ,
3106 3927 3280 3996 exigi-

1682 4032 1803 4073 mus
1829 4032 1860 4072 a
1887 4017 2056 4072 vobis.
2091 4015 2233 4072 Talis
2277 4023 2360 4071 est
2397 4017 2538 4072 enim
2573 4031 2780 4071 merces
2816 4026 3028 4082 nostra,
3057 4031 3213 4087 quam
3243 4031 3279 4072 ει

1680 4109 1834 4165 vobis
1881 4109 2142 4179 exigimus
2166 4149 2182 4175 ,
2213 4116 2272 4163 ut
2298 4122 2400 4162 nec
2441 4123 2539 4162 nos
2571 4107 2767 4175 pudeat
2808 4116 3010 4175 petere,
3056 4123 3155 4160 nec
3179 4120 3278 4162 vos

1684 4204 1862 4275 pigeat
1885 4217 2127 4272 erogare.
2159 4201 2274 4255 Hoc
2299 4199 2441 4271 quod
2468 4199 2729 4269 exigimus
2750 4241 2764 4267 ,
2794 4199 3064 4269 erogando
3088 4213 3278 4254 cumu-

1681 4295 1862 4353 labitis
1902 4296 2070 4367 magis
2091 4337 2107 4364 ,
2139 4310 2296 4367 quam
2326 4293 2703 4350 detrimentum
2743 4293 3056 4364 patiemini,
3089 4291 3131 4347 si
3164 4306 3276 4348 non
3381 4289 3388 4295 ’

1682 4390 2050 4463 erogaveritis.
2074 4389 2206 4458 Quae
2231 4397 2315 4444 est
2338 4402 2468 4458 ergo
2493 4401 2703 4446 merces
2727 4386 2947 4444 nostra?
2985 4386 3098 4442 Non
3125 4400 3276 4456 quae-

1681 4488 1848 4543 rimus
1886 4498 2075 4539 aurum
2101 4490 2337 4537 vestrum
2357 4523 2372 4548 ,
2403 4495 2508 4536 non
2543 4486 2825 4551 argentum
2854 4488 3120 4545 vestrum,
3163 4492 3273 4533 non

1682 4593 1960 4636 nummum
1985 4584 2221 4644 vestrum
2243 4616 2259 4644 ,
2300 4587 2401 4631 nec
2436 4571 2726 4644 quidquam
2757 4571 2825 4626 dc
2853 4569 3012 4626 rebus
3041 4569 3234 4623 vestris
3260 4586 3276 4624 :

1682 4671 1777 4727 sed
1805 4685 2012 4726 merces
2037 4678 2220 4726 nostra
2249 4675 2368 4734 est,
2398 4674 2455 4724 ut
2491 4667 2544 4721 in
2585 4665 2680 4724 illo
2714 4673 2901 4726 sancto
2943 4664 3090 4720 fonte
3117 4661 3274 4732 adju-

1681 4765 1820 4821 vetis
1851 4779 1950 4819 nos
1976 4761 2309 4818 orationibus
2334 4758 2547 4815 vestris.

129 4991 414 5086 §equentes
440 5008 781 5070 Sermones
811 4997 889 5069 de
929 5005 983 5080 Ο

77 5071 370 5160 nobis-sunt,
400 5091 461 5151 et
497 5088 797 5154 videntur
819 5071 1136 5148 subdititii
1173 5082 1287 5164 (α).

668 5207 912 5334 DE

987 5007 1177 5067 uarta
1215 5001 1436 5077 Feria,
1485 4999 1563 5062 de
1602 4996 2032 5076 Cataclysmo,
2079 4994 2142 5053 et
2190 4987 2267 5051 de
2307 4988 2630 5066 Tempore
2676 4985 3049 5061 Barbarico,
3093 4983 3278 5046 dubii
3373 5072 3376 5074 Π

999 5182 2414 5364 (emeruisse

1007 5346 1166 5423 sr‘t'te
1203 5363 1295 5422 DE
1333 5357 1660 5420 caurum
1699 5352 1864 5413 AGRl
1901 5346 2233 5417 DOMINICI‘,

1409 5458 1850 5558 SERMO.

138 5592 309 5674 CAPUT
339 5606 600 5670 PRIMUM.
622 5638 694 5654 -
715 5611 770 5667 t.
808 5607 889 5664 De
930 5605 1133 5662 cultura
1161 5603 1272 5674 agri
1293 5599 1572 5674 Dominici.

96 5657 190 5762 “te
217 5657 744 5762 ibim'éii§},32"quai
755 5657 1084 5755 significent.
1109 5657 1352 5732 “Cti'elesti
1391 5669 1579 5744 gratis

96 5751 594 5871 ,αξξθθιιίεωμαζωι
619 5751 850 5838 625.626,
867 5751 1099 5830 Admonit.
1113 5770 1166 5823 in
1180 5779 1333 5826 serui.
1357 5763 1423 5823 de
1445 5771 1573 5828 sm-

1684 5604 1739 5652 et
1759 5565 2031 5668 tspirituali
2062 5591 2263 5668 pluvia:
2295 5586 2676 5668 praeparandus
2719 5593 2962 5668 estl‘ager
2992 5582 3278 5668 Ecclesiae,

1687 5651 1816 5739 quia
1850 5651 2020 5723 imber
2046 5651 2257 5720 divinus
2293 5651 2347 5716 in
2389 5651 2632 5732 proximo
2671 5666 2771 5713 est.
2799 5651 3114 5726 Operemnr,
3137 5651 3280 5712 'dile;

1738 5758 1810 5831 ςρ.)
1829 5759 1921 5831 βία,
1953 5756 2202 5831 amella?!
2226 5756 2620 5831 9“?E‘.1’9‘E’.9§.
2629 5747 2798 5831 9251:.
2818 5748 2903 5811 ίιιιί
2925 5752 3090 5800 tam
3110 5747 3161 5798 ίιι
3179 5746 3280 5805 θαι

1671 5807 1949 5889 subjiciunt,
1973 5807 2182 5882 ὲὶψᾶάι
2203 5817 2266 5869 de
2290 5813 2460 5868 ultima
2479 5816 2653 5875 quarta
2673 5807 2814 5873 feria.
