3860 6396
125 399 210 459 ο97
1213 386 1443 444 SERMO
1481 387 1571 441 AD
1608 384 2174 446 CATECHUMENOS.

124 508 347 568 bibentis.
375 507 463 563 Dic
510 515 568 561 tu
610 506 811 576 quides
842 544 857 570 ,
885 502 1134 576 quoniam
1178 502 1453 576 illeialiud
1485 502 1643 576 docet

126 597 248 653 1mm
272 594 345 653 es.
372 578 482 653 Dic,
512 574 926 653 die,;audiamu§
946 574 1087 630 unde
1114 574 1394 653 haereticos
1421 574 1644 653 convin-

120 645 289 719 camus.
314 649 493 705 Audite
516 647 645 719 quid
675 647 809 719 dicat
836 664 848 698 :
879 645 988 719 Ego
1011 662 1122 700 sum
1140 646 1325 719 viat,_et
1353 646 1533 699 veritas
1556 654 1648 719 ,_et

119 724 215 785 vita,
240 718 390 774 Nemo
414 715 634 773 venit—ad
663 717 860 771 Patrem
884 717 982 771 nisi
1008 733 1095 785 per
1119 733 1197 770 me
1221 715 1399 787 (Joan.
1427 732 1537 782 xlv,
1567 716 1645 786 6).

116 790 377 849 Secundum
422 790 799 845 humanitatem
840 786 1276 853 via,secundum
1316 786 1645 841 divinitatem

115 864 295 927 veritas,
318 870 370 917 et
391 861 512 915 vita.
546 860 628 915 Tu
653 868 845 924 autem,
870 858 1117 913 hazretice
1144 858 1345 924 ariane,
1370 858 1457 927 qui
1476 858 1648 911 mino-

111 949 202 990 rem
222 932 293 988 vis
316 932 502 987 essein
529 930 803 985 divinitate
823 930 985 984 vitam
1012 939 1065 983 et
1085 930 1383 995 veritatem,
1406 928 1649 998 sequitur

112 1013 154 1058 ut
179 1019 267 1059 non
288 1018 374 1073 per
384 1017 504 1058 eum
520 1003 708 1056 venias
730 1000 795 1055 ad
816 1001 1046 1073 Patrem.
1071 999 1364 1073 Sedadhuc
1381 1042 1403 1073 λ
1424 1000 1648 1053 Domine

111 1074 229 1137 Jesu,
243 1070 440 1128 contere
455 1083 620 1143 caput
637 1070 990 1143 draconis,dic
1006 1070 1129 1139 quid
1151 1071 1224 1143 sis
1243 1086 1363 1143 cum
1379 1071 1533 1125 Patre
1558 1087 1569 1122 :
1597 1078 1650 1125 te

111 1145 343 1198 audiamus
366 1140 667 1209 docentem,
696 1158 801 1196 non
832 1141 1138 1197 haereticum
1170 1140 1646 1210 blasphemantem;

113 1215 179 1269 die
193 1214 298 1282 quid
310 1216 377 1269 sis
396 1230 515 1269 cum
534 1212 1095 1282 Patre.Ego,inquit,et
1118 1210 1274 1282 Pater
1301 1228 1454 1265 unum
1476 1228 1649 1265 sumus

136 1281 269 1349 Ide,
290 1284 394 1354 50).
421 1286 512 1338 Dic
528 1284 722 1348 adhuc,
742 1281 853 1352 Eg)
867 1283 928 1354 in
951 1282 1125 1354 Patre,
1149 1291 1195 1336 et
1216 1281 1370 1354 Pater
1385 1283 1436 1335 in
1458 1298 1534 1354 me
1559 1291 1648 1354 est.

151 1355 265 1409 dbuc
279 1351 375 1420 die,
399 1354 498 1421 Qui
516 1372 599 1407 me
614 1355 752 1420 vidit,
775 1351 895 1407 vidit
916 1364 960 1407 et
979 1351 1184 1407 Patrem
1198 1351 1310 1418 (Id.
1330 1368 1437 1417 xtv,
1458 1352 1543 1416 10,
1567 1352 1645 1421 9).

117 1426 263 1480 Credis
280 1426 397 1493 jam,
429 1426 704 1488 hazretice,
733 1433 893 1479 tanta:
916 1424 1250 1479 auctoritati?
1272 1426 1351 1477 An
1377 1424 1541 1491 ipsius
1574 1432 1653 1477 te-

126 1495 375 1550 stimonium
423 1496 493 1550 de
540 1510 603 1551 se
642 1497 756 1565 ipso
786 1510 892 1549 non
931 1495 1194 1559 admittis,
1217 1494 1309 1549 sed
1341 1494 1471 1548 alios
1498 1493 1564 1547 de
1586 1509 1651 1549 eo

129 1575 254 1637 testes
290 1566 539 1637 requiris?
596 1566 732 1634 Ecce
777 1565 1220 1637 introducuntur,
1252 1565 1551 1637 adversum
1598 1574 1651 1637 te

128 1635 291 1700 dicunt,
314 1635 651 1692 convinceris
672 1680 685 1701 ,
712 1636 982 1701 refutaris,
1009 1644 1063 1690 et
1092 1636 1223 1704 legis
1250 1635 1453 1705 laqueis
1474 1635 1650 1689 irreti-

119 1705 191 1759 n's.
214 1706 290 1759 Dic
310 1748 325 1771 ,
346 1708 498 1761 testis
540 1706 636 1761 Dei
668 1707 831 1762 Paule
854 1748 868 1771 ,
896 1706 984 1776 qui
1015 1720 1181 1775 usque
1228 1706 1293 1760 ad
1336 1706 1651 1775 sanguinem

116 1790 191 1843 pro
214 1777 300 1831 isto
328 1778 637 1831 testimonio
663 1776 934 1832 accessisti
956 1818 971 1840 ,
1005 1785 1058 1831 et
1102 1792 1169 1831 ne
1214 1776 1360 1830 falsa:
1397 1776 1653 1831 doctrina:

112 1846 445 1917 succumberes
470 1889 487 1912 ,
515 1849 750 1902 animam
779 1847 1019 1917 posuisti.
1046 1847 1168 1901 Dic:
1197 1846 1476 1917 audiatqui
1518 1862 1650 1901 con-

114 1915 489 1987 vinci_formidat
516 1935 531 1983 ;
559 1915 907 1972 convincatur
931 1918 1022 1987 qui
1049 1933 1149 1972 nec
1175 1915 1450 1972 convictus
1475 1926 1649 1971 muta-

114 1995 205 2059 turi
219 1985 407 2059 Singuli
434 1990 628 2059 quique
646 2030 660 2050 ,
690 1988 790 2052 ait,
820 1989 912 2041 hoc
937 1985 1113 2059 sentite
1132 1989 1186 2042 in
1211 1988 1346 2041 vobis
1365 1988 1500 2056 quod
1524 1998 1572 2041 et
1598 1989 1652 2041 in

112 2052 273 2129 Christo
294 2052 413 2112 Iesu
434 2052 457 2125 ,’
478 2052 569 2129 qui
597 2076 710 2113 cum
735 2060 789 2112 in
820 2057 1098 2129 formaiDei
1126 2070 1275 2124 esset,
1299 2052 1397 2112 non
1419 2060 1654 2129 rapinam

111 2126 339 2200 arbitratus
363 2139 435 2183 est
466 2126 579 2184 esse
602 2126 934 2200 (εφαιιίεόεο
956 2128 1210 2200 (Philipp.
1237 2144 1292 2195 ll,
1313 2130 1364 2193 5,
1386 2127 1463 2199 6).
1483 2126 1654 2184 Audis

111 2199 344 2266 :equalem,
372 2200 529 2255 audis
549 2199 772 2254 formam
797 2200 889 2254 Dei
916 2218 927 2254 :
950 2208 1005 2254 et
1024 2208 1078 2253 tu
1100 2199 1264 2254 audes
1283 2200 1460 2254 dicere
1486 2199 1655 2253 mino-

116 2280 201 2320 rem
223 2268 400 2323 Filium
434 2271 529 2325 Dei
554 2272 568 2324 !
594 2270 785 2325 Veniat
822 2280 876 2324 et
916 2270 1051 2325 alius
1074 2271 1223 2324 testis
1246 2312 1261 2335 ,
1285 2278 1343 2323 ut
1368 2271 1418 2323 in
1446 2268 1653 2325 duobus

119 2337 181 2389 vel
201 2338 345 2409 tribus
383 2342 738 2395 confirmetur
766 2340 988 2409 aequitas
1017 2340 1272 2393 veritatis.
1319 2340 1412 2395 Dic
1456 2348 1509 2395 et
1553 2349 1608 2395 tu
1634 2382 1649 2405 ,

116 2417 257 2482 sancte
279 2408 435 2482 Petre
460 2454 475 2477 ,
504 2411 634 2482 quid
666 2412 755 2465 tibi
788 2411 1100 2482 re_velaverit
1124 2429 1138 2463 :
1174 2426 1277 2482 non
1308 2425 1434 2465 caro
1453 2419 1656 2482 etisan-

112 2478 218 2597 qluis,
356 2478 798 2568 Pater'cmlestis.
821 2479 902 2534 Tu
928 2498 1000 2563 es,
1023 2481 1211 2563 inquit,
1236 2480 1466 2535 Christus
1493 2480 1656 2536 Filius

149 2564 185 2597 et
205 2564 285 2597 vnn
304 2549 517 2597 (Matth-
541 2569 650 2597 1m-
672 2553 757 2597 1h-
778 2551 933 2597 “Et
958 2568 1009 2597 In
1027 2551 1256 2597 Entstnla
1270 2567 1361 2597 Slla
1380 2551 1444 2597 ad
1458 2551 1656 2597 Gentes

149 2547 187 2600 ei
304 2549 518 2616 (Matth.
541 2552 758 2618 “1,16.
778 2551 933 2621 7).Ει
958 2547 1009 2605 in
1027 2547 1257 2620 Epistula
1270 2567 1363 2605 sua
1380 2551 1445 2604 ad
1458 2551 1657 2607 Gentes

112 2618 304 2694 secunda
332 2621 576 2694 :_Notanz
600 2618 973 2694 facimusvobis
996 2662 1010 2687 ,
1042 2618 1243 2694 inquit,
1271 2621 1477 2675 Domini
1492 2623 1657 2694 nostri

113 2684 228 2762 (ait:
248 2687 424 2746 Christi
456 2684 765 2759 virtuiem,et
787 2684 1219 2762 prtescientiam,et
1231 2684 1653 2761 magnitudinem.

114 2757 533 2833 A_udis_virtutem,
556 2757 708 2817 audis
733 2757 1167 2833 magnitudinem,
1199 2757 1349 2817 audis
1373 2763 1657 2831 praescien-

115 2828 228 2902 tiam.
249 2830 301 2885 In
328 2849 459 2902 quo,
484 2833 751 2900 haeretice,
771 2828 1042 2889 Christum
1071 2834 1202 2887 dicis
1228 2848 1346 2887 esse
1371 2828 1657 2887 minorem?

116 2894 323 2974 Sedaudi
341 2894 525 2959 adhuc
550 2905 675 2974 quid
702 2894 983 2960 adversum
1005 2912 1057 2958 te
1076 2904 1163 2958 hic
1184 2905 1330 2958 testis
1352 2913 1404 2958 et
1430 2905 1495 2958 de
1523 2904 1659 2958 Filio

117 2977 155 3021 et
175 2969 232 3026 de
248 2972 439 3041 Spiritu
463 2969 649 3030 saneto
664 2975 823 3030 dicat.
848 2974 899 3028 Ν
905 2993 969 3028 on
986 2974 1236 3029 voluntate
1261 2975 1481 3027 humana
1502 2973 1661 3029 allata

118 3051 193 3104 ut,
221 3042 407 3116 inquit,
440 3047 711 3116 prophetia
742 3063 759 3100 :
786 3046 871 3100 sed
901 3044 1099 3115 Spiritu
1123 3055 1295 3098 sancto
1323 3047 1422 3099 acti
1444 3088 1459 3110 ,
1508 3046 1661 3100 locuti

120 3119 208 3164 sunt
233 3114 451 3187 homines
486 3114 594 3170 Dei.
625 3116 855 3170 Fuerunt
888 3114 1002 3169 vero
1033 3126 1077 3168 et
1119 3116 1567 3187 pseudOprophette
1608 3118 1661 3170 in

122 3183 302 3256 populo,
328 3188 461 3241 sicut
504 3198 551 3241 et
580 3188 632 3241 in
662 3187 795 3241 vobis
825 3195 968 3240 erunt
992 3183 1220 3255 magistri
1250 3183 1509 3241 mendaces
1528 3229 1544 3252 ,
1574 3188 1661 3256 qui

120 3250 402 3311 tubinducent
426 3268 591 3311 sectas
619 3258 929 3326 perditionis,
977 3266 1023 3309 et
1057 3250 1143 3323 qui
1180 3258 1297 3309 emit
1325 3274 1407 3311 eos
1431 3250 1662 3312 domina-

126 3327 575 3400 tomnabnegantes
596 3330 612 3397 (
634 3326 848 3400 llUPetr.
878 3344 924 3400 ι,Δ
944 3328 1011 3381 16
1030 3368 1044 3392 ,
1076 3327 1167 3393 21,
1192 3338 1243 3400 et
1267 3344 1301 3381 ιι
1326 3369 1341 3393 ,
1374 3330 1396 3382 1
1426 3328 1466 3400 ).
1501 3328 1661 3385 Vides

125 3396 163 3442 te
202 3395 368 3453 validis
392 3395 740 3453 'testimoniis
790 3408 845 3452 et
894 3397 1248 3452 demonstrari
1296 3408 1351 3451 et
1395 3395 1659 3455 convinci.

128 3457 357 3535 Negautes,
382 3470 578 3537 inquit,
609 3468 972 3522 dominatorem
994 3483 1112 3523 esse
1136 3469 1221 3537 qui
1235 3470 1351 3522 emit
1372 3485 1471 3524 eos.
1493 3471 1661 3537 Quem

126 3544 250 3601 negas
267 3537 656 3594 dominatorem
679 3582 693 3605 ,
724 3540 825 3593 nisi
856 3539 1051 3593 Filium
1076 3555 1233 3608 quem
1261 3539 1393 3594 dicis
1419 3556 1537 3596 esse
1559 3542 1660 3595 mi-

124 3608 302 3683 notem?
328 3611 401 3683 Et
419 3611 551 3683 quis
563 3621 644 3664 est
664 3610 755 3683 qui
776 3626 873 3663 nos
890 3611 1043 3683 emit,
1070 3610 1169 3663 nisi
1196 3611 1284 3679 qui
1310 3626 1408 3665 nos
1424 3626 1521 3665 suo
1542 3627 1665 3665 san-

126 3679 249 3739 guine
290 3679 559 3735 redemit?
587 3681 678 3734 sed
719 3681 1042 3749 ingrediatur
1070 3689 1124 3735 et
1153 3683 1337 3735 tertius
1382 3684 1532 3736 testis
1559 3724 1573 3747 ,
1606 3695 1664 3738 ut

127 3749 207 3824 tres
230 3762 386 3824 unum
413 3766 613 3824 vet-uni
629 3752 988 3824 testimonium
1019 3750 1196 3824 dicant
1228 3751 1316 3805 uni
1346 3751 1590 3824 Trinitati
1611 3762 1666 3808 et

129 3819 246 3870 trina:
270 3820 555 3893 divinitati.
588 3822 681 3893 Die
721 3830 776 3875 tu
802 3862 816 3884 ,
846 3831 1026 3875 sancte
1072 3820 1304 3893 Joannes
1329 3863 1341 3883 ,
1375 3823 1462 3891 qui
1504 3839 1666 3893 super

211 3903 272 3967 ius
294 3891 586 3967 salvatoris
614 3892 1019 3967 discumbebas,
1052 3900 1106 3967 et
1136 3892 1351 3967 videbas
1397 3891 1667 3967 superetn-

146 3962 249 4034 estis
273 3963 548 4034 mirabilia
551 3963 765 4016 verbum
779 3963 983 4034 Domini
1001 3962 1076 4031 (a)
1104 3980 1116 4016 :
1140 3962 1224 4016 die
1245 3971 1297 4017 et
1326 3972 1400 4026 tu,
1426 3965 1662 4034 inquam,

129 4026 225 4145 quid
259 4033 465 4087 noveris
510 4032 703 4087 Filium
751 4034 865 4087 Dei.
898 4032 963 4085 In
1008 4026 1253 4101 principio
1282 4074 1296 4096 ,
1322 4026 1532 4102 inquit‘,
1560 4026 1667 4089 erat

170 4100 311 4145 tritum
358 4114 403 4145 pl
442 4102 657 4145 Ver-Imm
684 4113 786 4145 prrit
806 4104 946 4145 nnud
980 4102 1153 4145 Dmtm,
1182 4113 1226 4145 ρι
1254 4102 1386 4145 "pug
1409 4114 1513 4145 m'nl
1546 4105 1667 4145 VM-

170 4100 335 4172 erbum,
358 4114 404 4156 et
442 4102 658 4156 Verbum
684 4113 786 4157 erat
806 4104 946 4172 apud
977 4100 1226 4168 Deum,et
1250 4100 1513 4157 Deus—erat
1546 4105 1668 4159 Ver-

131 4163 219 4222 θείω
239 4156 409 4244 (John:
436 4190 472 4236 t,
498 4175 523 4227 1
550 4174 611 4244 λε
642 4156 695 4227 et
717 4175 767 4227 in
794 4156 1013 4243 epistola
1040 4156 1168 4234 sua},
1190 4156 1431 4238 Scimus,
1463 4156 1664 4244 inquit,

130 4242 324 4318 Quoniam
357 4243 525 4318 Filius
550 4242 648 4297 Dei
679 4242 837 4318 venit,
863 4254 909 4318 et
935 4243 1069 4318 dedit
1097 4245 1236 4297 nobis
1258 4242 1584 4318 intellectum,
1613 4242 1670 4300 ut

131 4313 305 4368 “tamus
332 4316 455 4384 quid
479 4331 647 4367 verum
674 4317 757 4381 sit,
790 4326 836 4368 et
862 4315 1017 4367 simus
1047 4315 1097 4367 in
1124 4330 1237 4367 vero
1249 4313 1398 4384 Filio
1424 4316 1568 4384 ejus:
1590 4318 1670 4370 hic

132 4387 185 4457 gl
220 4383 351 4437 mimi
372 4402 521 4439 verus
568 4384 723 4457 Deus,
751 4394 800 4442 et
851 4386 1182 4457 vitaiazterna
1205 4383 1495 4457 (lJoani’v
1514 4427 1526 4447 ,
1552 4384 1667 4457 20).

40 4472 41 4475 η
132 4443 192 4501 Tu
212 4463 371 4510 autem
402 4457 667 4510 minorem
696 4456 922 4510 dicendo
948 4455 1167 4520 Filium,
1192 4443 1279 4525 qui
1310 4463 1392 4508 est
1413 4443 1551 4508 Deus
1581 4443 1672 4511 ve—

36 4566 39 4571 ,
133 4528 231 4587 ms,
255 4541 350 4579 non
376 4527 543 4580 habes
570 4528 729 4579 vitam
750 4534 1023 4581 aeternam.
1054 4527 1159 4579 Sed
1199 4527 1265 4580 ad
1296 4526 1670 4581 confutandam

134 4598 475 4666 contumaciam
522 4611 827 4666 perversam
878 4597 1094 4651 Ineresis
1118 4636 1133 4661 ,
1167 4596 1232 4649 ad
1269 4595 1669 4665 deglutiendum

137 4665 189 4735 ξε,
210 4676 412 4735 serpens
440 4665 643 4736 magice
669 4667 840 4721 factus
858 4708 873 4732 ,
904 4682 1009 4719 non
1037 4682 1067 4721 a
1096 4667 1319 4721 veritate
1348 4676 1626 4735 susceptus
1654 4710 1669 4732 ,

138 4740 223 4795 Ipse
257 4736 405 4792 Pater
460 4738 820 4792 testimonium
862 4738 999 4791 dicat
1056 4736 1121 4792 de
1170 4736 1303 4792 Filio
1360 4754 1371 4789 :
1426 4745 1484 4790 ut
1538 4737 1672 4791 nihil

139 4805 319 4871 amplius
360 4822 571 4878 qureras
598 4850 613 4874 ,
675 4808 805 4861 nihil
849 4806 1077 4876 amplius
1119 4808 1326 4862 credas.
1391 4807 1491 4862 Per
1544 4808 1675 4862 Pro-

140 4867 307 4923 Diletam
360 4896 372 4923 ξ
426 4877 643 4923 Tecum-
686 4879 886 4923 innuit-
934 4878 1235 4923 nrinrim'um
1289 4879 1341 4923 in
1388 4878 1470 4923 die
1521 4879 1675 4923 virtu.

140 4882 307 4935 poetam

142 4946 185 5019 ﬁt
212 4955 311 5001 tute.
344 4948 667 5016 Principiqu
697 4946 874 5013 Pater,
921 4946 1235 5018 principium
1265 4948 1430 5019 Filius
1485 4968 1496 5000 :
1548 4964 1675 5019 ergo

142 5006 258 5090 fater
323 5027 376 5072 et
439 5006 609 5073 Filius
661 5006 976 5090 principium
1046 5006 1161 5073 sine
1231 5017 1338 5090 ullo
1394 5006 1672 5090 principio.

144 5075 287 5140 Tecum
322 5091 624 5160 principium
663 5075 715 5143 in
754 5075 849 5143 die'
869 5089 1062 5142 virtutis
1100 5098 1217 5160 tute,
1248 5089 1300 5141 in
1329 5075 1677 5160 splendoribus

142 5158 499 5239 factorum-ed:
545 5169 685 5213 utero
735 5160 984 5239 generavit
1038 5168 1083 5239 te
1140 5158 1318 5230 (Psat.
1376 5174 1492 5223 etx,
1542 5159 1614 5239 ’5)
1660 5177 1675 5239 ξ

142 5228 346 5295 tanquam
370 5230 592 5295 diceret,
616 5240 675 5284 ut
696 5228 862 5284 sancti
894 5228 1336 5292 illuminarentur,
1371 5228 1676 5297 processisti

145 5304 193 5347 ex
215 5312 304 5369 me.
333 5300 439 5355 Nec
469 5302 566 5355 fuit
586 5342 600 5365 ,
630 5300 959 5355 dilectissimi
983 5342 997 5361 ,
1022 5300 1123 5353 alia
1150 5314 1304 5353 causa
1336 5314 1429 5353 cur
1457 5302 1537 5353 vel
1563 5300 1675 5369 ipsa

146 5368 316 5439 homina
344 5372 513 5425 Patris
542 5382 596 5426 et
628 5371 747 5426 Filii
778 5380 831 5425 et
858 5370 1085 5439 Spiritus
1116 5370 1282 5424 sancti
1332 5370 1567 5438 sejuncta
1588 5368 1678 5424 vi-

146 5430 492 5506 dereutur,uisi
524 5451 581 5495 ut
609 5442 775 5495 sancti
823 5430 1063 5495 homines
1109 5430 1512 5495 instruerentur.
1566 5442 1679 5495 Cre-

149 5509 285 5586 ιςῖυῃι
310 5512 441 5586 quod
474 5512 677 5586 dictum
701 5521 785 5565 est
808 5510 1068 5586 Moysi_a_b
1096 5511 1206 5586 ipsa
1236 5511 1527 5586 substantia
1556 5510 1677 5586 Tri-

147 5579 306 5651 nitatis.
332 5580 436 5651 Ego
461 5599 571 5636 sum
591 5583 677 5651 qui
696 5597 830 5643 sum;
853 5579 908 5635 et
925 5622 939 5647 ,
970 5580 1059 5635 Sic
1085 5581 1249 5645 dices,
1283 5580 1381 5646 Qui
1406 5592 1477 5635 est
1503 5623 1516 5645 ,
1545 5582 1679 5635 misit

148 5647 418 5721 IM(Ea:od.
447 5668 503 5708 Ill
532 5695 547 5720 ,
582 5647 647 5707 l4
668 5653 705 5723 ).
738 5653 876 5724 Ergo
904 5670 966 5715 ex
1013 5662 1164 5707 utero
1205 5651 1257 5706 in
1310 5652 1678 5721 splendoribus

197 5865 255 5929 (a)
274 5870 367 5920 Vid.
390 5870 475 5921 lib.
494 5871 559 5922 de
578 5878 745 5925 Sancta
769 5872 1197 5935 \‘irginitate,’cap.
1222 5870 1298 5920 27.

360 4877 393 4932 τί
426 4877 645 4943 Tecum,
686 4879 886 4948 inquit,
934 4878 1235 4947 principium
1289 4879 1341 4929 in
1388 4878 1470 4931 die
1521 4879 1678 4931 virtu-

2032 290 2077 306 ⁴Ἂ

3217 392 3332 448 698'

1752 513 2056 587 sanctorum
2091 514 2491 587 generatus-est
2516 507 2706 587 Filius:
2730 508 2836 565 Sed
2877 525 2945 587 ne
2972 511 3318 587 hancigene-

1752 578 2007 651 rationem
2028 578 2310 651 carnaliter
2329 578 2411 633 vel
2434 579 2792 651 temporaiiter
2814 582 3083 651 acciperes
3107 578 3321 651 factam,

1752 646 1874 701 audi
1902 648 2329 719 quomodoeum
2370 646 2628 719 genuerit.
2664 646 2961 719 Eructavit',
2994 653 3162 719 inquit
3192 694 3207 719 ,
3238 646 3326 708 cor

1752 734 1915 772 meum
1939 718 2148 773 Verbum
2172 718 2339 790 (Psal.
2362 718 2503 786 xuv,
2525 721 2606 790 2).
2628 720 2856 777 Joannes
2881 723 3029 777 testis
3055 718 3226 777 dicit:
3258 723 3325 778 In

1754 790 2002 858 principio
2042 800 2148 843 erat
2191 788 2425 845 Verbum.
2458 788 2594 846 Deus
2632 792 2790 847 Pater
2833 791 2961 847 dicit
3007 810 3021 844 :
3068 792 3327 847 Eructavit

1753 875 1838 912 cor
1884 877 2049 913 meum
2110 859 2341 915 Verbum.
2390 862 2635 918 Habacuc
2666 862 2835 917 dicit:
2865 863 3149 917 Ambulavit
3196 863 3325 918 Ver-

1754 928 1870 982 bum
1896 928 2116 1001 (Habac.
2146 948 2222 996 ιιι,
2255 933 2306 994 5,
2336 949 2436 987 sec.
2469 932 2842 1001 LXX.)Audis
2872 934 3043 990 Deum
3069 934 3323 1000 Verbum,

1752 1008 1807 1073 et
1848 1001 1947 1073 hoc
1982 1016 2100 1073 esse
2138 1002 2190 1055 in
2237 1003 2497 1072 principio
2525 1001 2662 1073 apud
2691 1004 2855 1059 Deum
2881 1046 2896 1069 ,
2919 1014 2974 1059 et
3000 1006 3166 1059 Deum
3206 1020 3363 1061 esse°

1756 1070 2008 1145 Verbum.
2058 1070 2504 1129 Testimoniorum
2543 1070 2684 1140 vox,
2726 1084 2781 1129 et
2836 1075 3000 1145 ipsius
3045 1075 3324 1131 Trinitatis

1755 1142 1931 1196 unitas
1974 1158 2066 1211 per
2110 1152 2275 1198 totum
2326 1145 2579 1199 mundum
2618 1154 2799 1200 contra
2841 1142 2892 1198 te
2920 1146 3113 1200 clamat
3144 1163 3155 1197 :
3188 1155 3242 1200 et
3272 1156 3327 1200 tu

1754 1214 1897 1266 velut
1921 1213 2068 1267 canis
2097 1214 2308 1269 rabidus
2328 1224 2512 1270 contra
2543 1224 2709 1269 totum
2738 1215 2990 1270 mundum
3017 1216 3198 1270 latras.
3219 1217 3327 1271 Sed

1755 1283 1878 1337 audi
1908 1284 2079 1356 adimo
2118 1285 2257 1356 unde
2283 1285 2490 1353 plenius
2519 1287 2850 1340 convincaris
2884 1328 2896 1351 ,
2927 1286 3069 1356 quod
3094 1286 3325 1342 Trinitas

1758 1370 1894 1427 unus
1932 1354 2074 1427 Deus
2099 1354 2185 1427 sit.
2215 1356 2385 1427 Patris
2414 1371 2515 1411 vox
2544 1366 2625 1411 est
2651 1373 2748 1427 per
2778 1354 3093 1424 Prophetam
3133 1357 3197 1411 ad
3238 1357 3326 1411 Fi-

1757 1424 1883 1497 lium
1908 1443 1921 1477 :
1945 1423 2013 1478 In
2044 1425 2391 1497 splendoribus
2414 1423 2697 1482 sanctorum
2722 1444 2785 1482 ea:
2803 1423 2941 1481 utero
2970 1428 3119 1497 genui
3139 1436 3204 1481 te.
3224 1427 3327 1480 Pa-

1759 1496 1854 1567 ti'is
1881 1512 1984 1549 vox
2007 1505 2089 1550 est
2114 1496 2177 1550 ad
2207 1498 2395 1551 Isaiam
2422 1497 2742 1567 'proplietam
2772 1498 2839 1551 de
2862 1496 3058 1563 Spiritu
3085 1497 3279 1552 Sancto
3310 1515 3323 1548 :

1758 1565 1979 1638 Spiritus
1998 1576 2217 1629 sanctus,
2243 1565 2489 1638 inquit,_a
2509 1565 2586 1621 me
2609 1570 2753 1623 exiet.
2788 1568 2856 1623 Et
2878 1567 2995 1621 Filii
3018 1582 3119 1622 vox
3155 1577 3236 1623 est
3271 1568 3326 1622 in

1757 1636 2044 1708 Evangelia
2073 1636 2358 1693 ostenderis
2382 1639 2431 1693 in
2463 1654 2521 1693 se
2542 1639 2747 1693 Patrem
2776 1653 2913 1702 esse,
2941 1645 2996 1692 et
3016 1653 3074 1693 se
3102 1638 3155 1693 in
3188 1639 3325 1708 ipso,

1758 1706 1844 1761 ubi
1872 1706 1987 1779 ait:
2010 1708 2171 1779 Pater
2194 1709 2247 1762 in
2270 1726 2346 1762 me
2372 1726 2578 1763 manens
2596 1748 2621 1779 ί,
2650 1711 2759 1776 ipse
2800 1710 2918 1779 facit
2957 1725 3107 1779 opera
3130 1706 3322 1779 (Joan.

1758 1793 1849 1831 xw
1873 1820 1888 1844 ,
1921 1778 2047 1847 10).
2078 1779 2197 1832 Filii
2219 1795 2316 1833 vox
2368 1790 2449 1834 est
2490 1779 2557 1835 de
2586 1778 2783 1847 Spiritu
2805 1778 3018 1847 saneto,
3040 1778 3328 1834 ostendens

1757 1847 1877 1917 quia
1905 1849 2172 1916 quomodo
2199 1850 2439 1918 procedit
2464 1866 2531 1905 ex
2562 1851 2716 1905 Patre
2739 1892 2754 1915 ,
2786 1850 2857 1904 ita
2885 1865 2952 1905 ex
2978 1864 3035 1904 se
3062 1851 3175 1918 ipso
3195 1891 3210 1915 ,
3237 1850 3328 1903 ubi

1757 1918 1831 1972 ait
1859 1918 2132 1987 discipulis
2159 1920 2269 1974 suis
2296 1929 2414 1988 post
2432 1922 2873 1975 resurrectionem
2905 1939 2917 1974 :
2945 1920 3168 1989 Accipite
3201 1919 3328 1988 Spi-

1756 1990 1910 2062 ritum
1953 2000 2197 2043 sanctunt.
2231 1990 2295 2043 Et
2323 1992 2591 2062 insuﬂlavit
2624 1992 2677 2043 in
2714 1993 2782 2045 eis
2806 2032 2820 2055 ,
2852 1990 2926 2045 ait
2949 1990 3286 2062 Evangelista
3311 2031 3327 2056 ,

1757 2059 2010 2128 Spiritum
2039 2070 2278 2115 sanctum
2306 2059 2562 2125 dans'ieis,
2593 2076 2658 2115 ac
2680 2062 2861 2115 dicens
2891 2078 2903 2111 :
2938 2061 2999 2115 Si
3018 2062 3098 2113 cui
3128 2062 3332 2115 remise—

1757 2132 1867 2184 ritis
1897 2140 2120 2200 peccata,
2149 2132 2459 2185 remittentur
2478 2132 2555 2185 illi
2582 2131 2690 2201 (Id.
2716 2148 2807 2196 xx,
2826 2132 2917 2195 ‘22,
2944 2131 3056 2201 25),
3084 2130 3334 2185 Undeest

1759 2209 1815 2273 et
1836 2201 1987 2273 illud
2027 2202 2251 2270 apostoli
2294 2203 2483 2273 Pauli:
2518 2201 2578 2257 Si
2603 2203 2713 2273 quis
2740 2202 2991 2273 Spiritum
3014 2200 3203 2273 ΟΙιρῃὶ
3230 2217 3332 2273 non

1759 2270 1921 2343 habet,
1952 2272 2033 2325 hic
2060 2282 2260 2343 nonest
2288 2274 2396 2343 ejus
2417 2272 2593 2341 (Rom.
2616 2270 2726 2337 vin,
2760 2273 2836 2342 9).
2858 2272 2913 2326 Si
2945 2287 3071 2340 ergo
3091 2271 3259 2325 Filius
3280 2270 3333 2343 in

1759 2341 1916 2396 Patre
1950 2350 2004 2396 et
2050 2357 2115 2396 ex
2160 2341 2350 2404 Patre,
2381 2343 2609 2412 Spiritus
2642 2353 2855 2397 sanctus
2885 2343 3041 2396 simul
3063 2350 3145 2397 est
3182 2350 3237 2412 et
3279 2341 3334 2395 in

1759 2412 1896 2466 Filio
1938 2421 1991 2467 et
2018 2412 2175 2467 Patre
2202 2430 2217 2478 ;
2246 2428 2350 2468 non
2399 2411 2481 2468 est
2523 2413 2758 2481 seiuncta
2811 2412 3046 2469 Trinitas
3075 2455 3089 2477 ,
3121 2411 3211 2467 ubi
3251 2420 3338 2465 est

1760 2481 1989 2549 perfecta
2016 2483 2208 2538 unitas.
2236 2483 2483 2538 Discedat
2502 2483 2731 2539 Arianus
2760 2483 3011 2539 confusus
3033 2498 3177 2549 reus,
3210 2482 3334 2552 quia

1761 2553 1990 2607 Trinitas
2011 2569 2149 2607 unus
2171 2563 2251 2609 est
2278 2554 2435 2615 Deus.

1830 2624 2055 2678 CAPUT
2088 2624 2327 2678 VL—8.
2360 2612 2544 2694 Virgae
2584 2633 2629 2678 et
2667 2624 2827 2677 crucis
2868 2623 3054 2694 Christi
3098 2623 3338 2694 mysteria
3434 2612 3437 2615 ’

1762 2694 2095 2764 prosequitur.
2128 2694 2429 2747 Sanctorum
2459 2693 2687 2762 exmtpla
2726 2694 2859 2747 omni
2890 2693 3149 2764 hominum
3168 2693 3338 2764 generi

1762 2762 2037 2833 proposita.
2069 2764 2171 2819 Sed
2211 2764 2421 2834 quando
2463 2765 2577 2828 tibi,
2621 2778 2866 2833 perversa
2904 2762 3142 2827 haeresis,
3176 2762 3339 2817 verba

1763 2850 1880 2888 mea
1904 2835 2205 2905 proﬁciunt,
2235 2851 2356 2890 cum
2399 2835 2473 2889 sis
2512 2835 2655 2903 aspis
2694 2834 2871 2905 surda,
2905 2834 3158 2905 obturans
3181 2846 3338 2886 aures

1764 2920 1831 2960 ne
1873 2904 2057 2959 audias
2086 2920 2268 2960 vocem
2316 2906 2735 2959 incantantium‘t
2774 2904 2991 2959 Noveris
3023 2911 3072 2957 te
3102 2912 3279 2957 tamen
3306 2917 3338 2957 a

1763 2985 2012 3044 serpente
2059 2990 2178 3030 esse
2220 2976 2624 3040 comedendam,
2669 2975 2795 3028 dum
2839 2990 2967 3029 oves
3011 2988 3143 3043 quas
3190 2981 3339 3027 tenes

1764 3046 2020 3115 captivas,
2067 3046 2132 3100 ad
2166 3062 2318 3100 suum
2349 3047 2487 3101 ovile
2518 3046 2603 3099 ille
2644 3056 2821 3115 pastor
2845 3044 3138 3115 adduxerit,
3167 3054 3229 3115 ut
3272 3045 3341 3115 sit

1765 3113 1903 3170 unus
1924 3132 2054 3185 grex
2085 3126 2136 3171 et
2167 3132 2302 3170 unus
2320 3126 2528 3187 pastor.
2562 3113 2654 3170 Ille
2676 3124 2857 3185 pastor
2884 3113 3343 3187 noster,_dilectis-

1766 3188 1906 3252 simi,
1929 3182 2019 3256 qui
2050 3186 2101 3239 iu
2133 3188 2277 3256 virga
2308 3182 2476 3242 ferrea
2506 3182 2763 3256 pascit'et
2797 3186 2951 3255 regit,
2981 3182 3263 3256 confringit
3286 3194 3343 3238 et

1766 3254 2017 3320 restituit,
2051 3258 2163 3326 ipse
2192 3254 2375 3326 pastor
2395 3254 2641 3325 esu—ipse
2668 3254 2875 3321 rector,
2898 3258 3010 3325 ipse
3034 3254 3337 3326 fabricator,

1768 3329 1880 3397 ipse
1900 3324 2220 3382 architectus
2258 3338 2457 3382 noster.
2506 3324 2747 3396 Magnum
2788 3335 2840 3380 te
2868 3324 3130 3397 pastorem
3163 3324 3338 3389 video,

1770 3395 1989 3453 Domine
2014 3397 2161 3461 Jesu,
2190 3413 2315 3453 oves
2379 3395 2667 3464 ascentem,
2697 3404 2939 3451 errantes
2959 3395 3339 3464 requirentem,

1770 3469 2008 3521 inventas
2054 3484 2174 3521 cum
2222 3414 2415 3521 gaudio
2464 3468 2529 3521 ad
2570 3483 2783 3521 gregem
2828 3466 2930 3520 tuis
2982 3465 3219 3519 humeris
3258 3480 3339 3520 re-

1766 3469 2008 3523 inventas
2054 3484 2174 3523 eum
2222 3465 2415 3539 gaudio
2464 3468 2529 3523 ad
2570 3483 2783 3539 gregem
2828 3465 3219 3539 tuisihumeris
3258 3480 3345 3520 re-

1734 3566 1737 3567 ν
1767 3548 2066 3609 portantem
2102 3557 2113 3591 :
2145 3535 2390 3608 magnum
2438 3547 2491 3593 te
2526 3535 2887 3609 architectum
2914 3536 3089 3609 video,
3139 3535 3343 3609 virgam

1770 3606 2087 3681 portantem,
2112 3610 2164 3663 in
2181 3606 2327 3679 virga
2352 3609 2690 3681 pendentem,
2714 3618 2767 3664 et
2786 3608 2853 3662 de
2880 3608 2980 3661 ista
3005 3607 3149 3681 virga
3167 3606 3342 3681 imulta

1770 3676 2021 3735 miracula
2052 3676 2366 3735 facientem.
2383 3679 2601 3734 Multum
2632 3693 2928 3749 expavesco
2957 3676 3342 3749 expositionem

1770 3752 1937 3821 virga:
1974 3750 2149 3819 hujus,
2179 3750 2531 3821 dilectissimi,
2570 3744 2839 3821 dum—loca
2866 3744 3166 3821 divinarum
3205 3744 3348 3821 Serio

1770 3817 2056 3891 [iturarum
2091 3821 2393 3876 considero.
2425 3820 2585 3891 Virga
2615 3820 2778 3875 Maria
2825 3828 3027 3881 sancta,
3058 3818 3201 3885 virga
3232 3817 3346 3884 ipse

1770 3892 2034 3955 Christus,
2059 3892 2203 3959 virga
2232 3907 2379 3946 crux.
2414 3892 2477 3945 Et
2511 3892 2576 3945 de
2604 3892 2701 3945 ista
2728 3892 2871 3956 virga
2897 3903 3054 3959 quam
3080 3901 3266 3959 magna
3293 3895 3347 3959 et

1772 3964 1903 4017 mira
1944 3961 2071 4017 fecit.
2112 3956 2199 4016 hic
2244 3961 2588 4015 architectus!
2637 3968 2691 4013 et
2729 3956 2972 4014 arborem
3014 3956 3138 4011 fecit
3175 3957 3348 4011 crucis

1773 4034 1861 4088 ubi
1901 4033 2014 4099 ipse
2050 4032 2316 4101 angularis
2361 4031 2608 4101 pependit
2634 4030 2787 4097 lapis,
2819 4039 2873 4101 et
2902 4026 3218 4101 scalasieteli
3251 4041 3348 4101 per

1772 4095 2202 4173 quas'hominem
2232 4095 2442 4173 lapsum
2480 4101 2544 4154 ad
2574 4095 2793 4173 Patrem
2816 4098 3026 4173 levavit.
3055 4095 3223 4173 Quale
3250 4096 3350 4149 mi-

1772 4167 2033 4238 iaculum,
2080 4167 2301 4234 fratres,
2335 4170 2486 4237 hujus
2524 4169 2819 4233 architecti,
2867 4177 2922 4221 ut
2961 4167 3215 4238 de‘virga
3252 4180 3348 4219 sua

1775 4245 1969 4297 faceret
1997 4235 2187 4307 scalas,
2214 4250 2267 4295 et
2293 4235 2424 4295 tales
2444 4254 2668 4309 quarum
2699 4246 2855 4306 caput
2875 4238 2924 4309 in
2951 4235 3143 4309 coelum
3178 4250 3345 4302 pone-

1775 4324 1876 4376 ret,
1906 4322 1960 4367 et
1987 4327 2080 4381 per
2105 4305 2195 4365 eas
2237 4311 2348 4379 ipse
2383 4319 2437 4364 et
2463 4305 2773 4364 ascenderet
2800 4317 2856 4363 et
2884 4305 3251 4381 descenderet,
3290 4314 3348 4381 et

1776 4375 2003 4454 propter
2019 4375 2487 4454 confirmationem;
2505 4380 2617 4454 ipse
2662 4393 2822 4448 super
2851 4394 2941 4454 eas
2984 4375 3344 4454 incumberet!

1777 4449 2019 4509 Ascende
2057 4466 2295 4516 securus,
2341 4451 2428 4521 qui
2456 4449 2728 4504 desideras
2758 4450 3004 4521 caelum;
3034 4462 3139 4501 non
3166 4454 3217 4499 tc
3245 4453 3350 4521 ter-

1778 4534 1893 4579 reat
1933 4537 2116 4577 earum
2157 4538 2255 4576 nec
2296 4516 2568 4592 angustia,
2615 4534 2714 4574 nee
2756 4518 3047 4592 longitudo,
3090 4530 3189 4571 nec
3228 4516 3350 4592 atti-

1778 4594 1937 4658 tudo;
1973 4593 2100 4645 nihil
2133 4593 2340 4657 timeas,
2367 4585 2476 4645 non
2506 4600 2690 4645 nutant
2715 4585 2908 4658 gradus
2936 4589 3071 4656 ejus,
3104 4600 3239 4656 quos
3262 4585 3350 4640 ille

1779 4664 2099 4719 architectus
2144 4662 2221 4716 sic
2248 4662 2598 4723 confirmavit,
2646 4670 2699 4713 ut
2740 4661 2790 4713 in
2827 4660 2945 4728 ejus
2984 4659 3126 4726 ligno
3152 4670 3354 4728 manus

1780 4750 1903 4790 suas
1942 4734 2104 4788 clavis
2130 4733 2271 4802 attigi
2313 4733 2554 4787 voluerit.
2586 4730 2717 4784 Vide
2754 4726 3045 4802 hasiscalas
3076 4726 3232 4802 huius
3261 4741 3351 4780 ar-

1780 4805 1996 4860 chitecti
2046 4796 2360 4871 discipulum
2415 4802 2708 4871 apostolum
2753 4800 2972 4853 Paulum
3028 4808 3082 4852 et
3133 4796 3356 4871 demon-

1781 4884 2060 4940 strantem,
2092 4884 2146 4928 et
2171 4867 2365 4942 gradus
2391 4867 2543 4942 quasi
2585 4878 2970 4942 numerantem_
2979 4877 3033 4942 et
3058 4867 3322 4942 ascenden
3344 4900 3356 4910 -

1783 4956 1911 5010 tem,
1957 4954 2012 5000 et
2048 4937 2206 5014 quam
2237 4937 2503 5014 plurimos
2544 4937 3124 5014 invitantem_:_Flecto_,_
3166 4937 3355 5014 inquit,

1782 5008 1944 5087 genua
1966 5008 2082 5087 mea
2128 5014 2194 5065 ad
2224 5008 2432 5087 Patrem
2464 5012 2664 5065 Domini
2708 5011 2864 5087 nostri
2894 5009 3019 5064 Jesu
3064 5008 3270 5087 Christi,
3303 5020 3359 5087 ut

1783 5080 1865 5140 det
1894 5086 2027 5139 vobis
2063 5083 2479 5151 comprehendere
2522 5098 2637 5134 cum
2675 5082 2903 5134 omnibus
2938 5082 3125 5134 sanctis
3153 5089 3266 5145 quo:
3293 5080 3361 5135 sit

1784 5156 1997 5209 altitudo
2018 5164 2064 5208 et
2089 5154 2323 5219 latitudo,
2349 5153 2607 5223 longitudo
2632 5161 2678 5205 et
2704 5153 3017 5222 profundum
3028 5151 3254 5223 (Ephes.
3274 5165 3354 5223 tu,

1784 5228 1852 5281 14
1871 5236 1918 5279 et
1945 5224 2054 5295 l8).
2086 5226 2321 5295 Quatuor
2349 5220 2542 5293 gradus
2569 5220 2745 5293 posuit
2782 5220 2974 5295 erucis.
2998 5220 3259 5295 Nonergo
3283 5220 3363 5272 la-

1782 5292 2021 5352 boriosa!
2057 5302 2181 5347 sunt
2210 5294 2291 5347 hac
2332 5292 2524 5348 Scalae:
2557 5302 2784 5361 quatuor
2818 5292 3013 5363 gradus
3041 5292 3257 5352 habent,
3306 5299 3362 5343 et

1785 5368 2081 5437 perducunt
2118 5365 2183 5418 ad
2213 5364 2426 5437 emtum.
2474 5364 2529 5417 In
2558 5362 2839 5437 altitudine
2867 5362 3232 5437 cruc_is_crtput
3252 5374 3359 5437 po-_

1786 5430 1941 5491 situm
1968 5446 2050 5491 est
2075 5434 2311 5490 crucifixi
2342 5453 2353 5488 :
2384 5449 2589 5489 sursum
2620 5448 2712 5487 cor
2731 5434 2921 5487 haheat
2950 5431 3269 5484 Christianus
3295 5430 3361 5483 ad

1787 5509 2088 5572 Dominum,
2121 5505 2261 5577 quod
2294 5503 2907 5577 interrogatusquotitiie
2952 5499 3270 5577 respondet;
3309 5509 3365 5553 et

1786 5578 2025 5635 ascendit
2070 5569 2231 5632 unum
2271 5569 2519 5644 gradum:
2557 5574 2615 5628 lu
2651 5569 2927 5627 latitudine
2960 5569 3134 5644 crucis
3174 5584 3363 5644 manus

1786 5650 1957 5704 aflixae
1997 5658 2119 5705 sunt
2155 5638 2393 5703 crucifixi
2426 5665 2436 5699 :
2466 5651 2809 5719 perseverent
2856 5653 3043 5719 manus
3088 5638 3363 5719 christiani

1786 5722 1839 5775 in
1869 5722 2120 5789 cperibus
2151 5720 2334 5781 bonis;
2364 5726 2418 5771 et
2443 5707 2728 5771 secundum
2744 5707 3269 5789 gradumnasceudit:
3303 5709 3362 5789 ln

1787 5778 2112 5862 longitudine
2139 5778 2533 5862 crucis-corpus
2557 5778 2802 5862 pependit
2832 5778 3067 5861 crucifisi
3084 5779 3365 5862 incastiget

1788 5848 1909 5933 quis
1944 5876 2137 5932 corpus
2165 5873 2317 5913 suum
2344 5848 2820 5915 observationibus,
2846 5849 3061 5920 jejuniis
3083 5848 3210 5904 illud
3242 5863 3363 5904 sus-
