3860 6284
545 389 778 450 surrexit
804 404 819 445 :
850 389 1043 447 cecidit
1070 396 1404 458 persecutor.
1434 394 1644 444 erectus
1673 395 1756 443 est
1787 387 2123 458 praedicator.

546 464 604 519 In
652 461 968 518 Christianis
1017 457 1286 517 Christum
1335 459 1601 531 persecuti
1645 468 1769 514 sunt
1789 457 1951 531 reges
1987 475 2000 512 :
2034 457 2129 514 sed

543 534 767 589 multum
797 534 876 588 eis
915 535 1299 603 prmstiterunt,
1330 528 1547 602 quando
1584 531 1823 603 membra
1861 528 1931 587 ad
1969 538 2132 603 caput

541 622 699 661 suum
730 596 979 673 velociter
1001 596 1534 660 transieram-Nemo
1557 601 1679 658 talia
1706 602 1919 669 damna,
1952 596 2133 673 qualia

543 686 599 731 tu
629 719 644 744 ,
694 675 888 745 ingerit
940 672 1153 731 Christo
1186 693 1199 729 :
1231 676 1439 745 animas
1488 672 1630 729 enim
1666 674 1952 745 multorum
1968 670 2132 745 cupis

544 741 868 815 interﬁcere,
897 763 992 818 pro
1020 743 1468 818 quibus‘C-hristus
1495 745 1550 818 in
1580 759 1740 818 carne
1761 744 1906 799 venit
1934 741 2130 818 occidi.

540 813 1137 884 Erubesce,'erube—sce
1159 857 1177 883 ,
1211 814 1483 872 haeretice.
1516 814 1651 882 Quid
1684 815 1845 870 iteras
1874 813 2018 884 quod
2046 828 2134 870 se-

539 889 645 944 mel
689 888 882 944 datur?
911 888 969 943 in
1000 887 1253 945 membris
1278 887 1390 943 suis
1431 886 1543 956 jam
1566 889 1707 943 intus
1731 894 1815 941 est
1838 885 2083 956 Christus
2112 926 2130 951 ,

539 959 648 1015 noli
686 960 741 1015 in
778 960 892 1031 istis
932 958 1111 1031 ipsum
1155 958 1293 1014 velle
1322 954 1711 1031 rebaptiwre?
1756 954 1937 1017 Semel
1987 956 2132 1031 enim

542 1046 640 1100 pro
668 1030 913 1086 omnibus
938 1024 1059 1085 cum
1088 1024 1293 1085 Joanne
1319 1029 1375 1085 in
1404 1024 1596 1101 aquam
1627 1029 1872 1100 dignatus
1897 1034 1981 1085 est
2017 1026 2134 1098 ipse

1782 272 1841 351 s.
1879 266 2250 335 sponsum
2286 270 2591 335 EPISCOPI
3654 290 3733 359 πο,

2234 388 2562 471 descendere
2579 386 2788 471 (Matth.
2817 387 3029 471 111,16),
3054 389 3299 471 Ρερᾷθηιίι
3314 390 3543 471 Christus
3558 398 3729 471 animi,

2236 457 2498 545 custodite
2522 457 2784 545 quodille
2808 457 3053 545 redemit.
3079 460 3290 545 integro
3309 461 3507 521 Christo
3528 457 3733 545 integrari
3842 457 3848 545 Ι

2237 531 2502 603 assignate
2544 530 2827 603 praedium.
2866 530 3035 589 Nemo
3078 530 3322 602 invadat,
3362 550 3507 591 nemo
3558 530 3735 601 iuv'asori

2237 602 2535 659 consentiat
2568 621 2581 658 :
2622 602 2989 659 characterem
3028 604 3346 660 dominicum
3388 608 3546 664 nullus
3582 610 3737 668 abster-

2237 681 2344 748 gat,
2377 672 2556 748 titulos
2584 674 2971 748 Christignemo,
2999 675 3249 747 deponat.
3285 676 3541 733 lieddituri
3564 682 3739 737 estisra-

2239 744 2435 801 tionem
2450 745 2675 800 Domino
2694 761 2722 800 r

2240 816 2377 887 bene
2414 817 2700 887 operandi.

2241 884 2372 963 liati.
2399 884 2745 963 faciteuobis
2773 890 2967 963 amicos
2991 884 3367 963 ex'ntari‘tntona
3405 884 3645 963 iniquitatis
3664 884 3687 963 ,’
3706 906 3743 951 tt

2240 967 2286 1013 et
2311 958 2411 1033 ipsi
2435 959 2679 1035 recipiant
2704 974 2790 1015 vos
2816 958 2871 1015 in
2894 960 3221 1029 tabernacula
3244 958 3574 1038 mterna(l}uc.
3589 958 3674 1031 xu,
3689 965 3744 1039 9).

1718 1431 2237 1511 nIPPONENsts
2262 1430 2633 1523 'EPISCOPI

590 1582 937 1745 DE
1072 1574 2588 1746 UTILITATE
2701 1576 3719 1749 JEJUNII

1922 1835 2325 1923 SEBMO
2351 1823 2465 1914 (⁸).

2007 1971 2380 2029 «eum

2241 2077 2331 2133 sed
2353 2076 2519 2150 gratia
2546 2077 2643 2135 Dei
2664 2095 2775 2138 sum
2796 2079 2852 2137 id
2886 2082 3025 2153 quod
3050 2085 3200 2151 sum;
3227 2094 3276 2143 et
3313 2086 3479 2157 gratia
3510 2087 3608 2158 ejus
3640 2088 3753 2145 inut
3822 2076 3847 2158 ις

2230 2184 2388 2225 uacua
2418 2186 2524 2227 non
2563 2172 2695 2243 fuit,
2739 2173 2830 2231 sed
2874 2175 2989 2245 plus
3029 2176 3261 2235 omnibus
3286 2178 3395 2239 illis
3422 2178 3751 2235 laborarim):
3820 2172 3847 2255 ι(

600 2082 829 2142 CAPUT
853 2082 1141 2142 PRIMUM.
1168 2112 1237 2125 ——
1264 2082 1319 2139 1.
1346 2080 1615 2155 lejunium
1638 2078 1746 2137 Deo
1775 2076 2006 2136 exhibere
2031 2076 2127 2133 Ito-

528 2177 725 2232 minum
745 2186 842 2245 est,
874 2194 978 2234 non
1004 2177 1334 2249 Angela-um.
1360 2175 1439 2231 De
1469 2175 1699 2230 utilitate
1722 2171 1913 2244 jejunii
1938 2171 2128 2229 admo-

528 2285 722 2326 nemur
743 2270 941 2342 aliquid
968 2271 1145 2343 loqui;
1172 2279 1226 2327 et
1245 2270 1387 2326 Deus
1411 2270 1684 2335 admonet,
1710 2276 1766 2325 et
1793 2275 2004 2340 tempus
2026 2279 2127 2322 nos

528 2358 800 2416 admonet.
843 2360 971 2418 Haec
1013 2362 1157 2417 enim
1201 2358 1527 2426 observatio,
1568 2358 1686 2417 haec
1712 2359 1884 2416 virtus
1909 2356 2121 2427 animi,

529 2454 646 2510 haec
672 2453 934 2511 {nudatio
954 2455 1133 2512 carnis
1154 2462 1211 2510 et
1232 2455 1444 2512 lucrum
1468 2454 1663 2510 mentis
1681 2452 1750 2509 ab
1778 2452 1996 2523 Angelis
2016 2466 2122 2508 non

528 2546 815 2604 exhibetur
831 2547 961 2605 Deo.
983 2545 1060 2603 lbi
1081 2548 1221 2603 enim
1240 2548 1419 2604 omnis
1438 2557 1522 2603 est
1544 2548 1695 2620 copia
1709 2553 1765 2603 et
1790 2549 2121 2616 sempiterna

528 2640 790 2696 securitas
820 2658 832 2693 :
861 2648 918 2697 et
957 2634 1082 2698 ideo
1125 2638 1305 2697 nullus
1350 2639 1630 2710 delectus,
1682 2639 1805 2712 quia
1852 2639 1907 2695 in
1952 2640 2118 2694 Deum

527 2732 716 2803 plenus
739 2732 983 2790 allectus.
1008 2733 1086 2789 lbi
1114 2734 1271 2804 panis
1314 2734 1641 2804 Angelorum
1673 2751 1687 2788 :
1721 2747 1881 2804 quem
1921 2745 2116 2802 [vinem

526 2824 855 2896 Angelorum
884 2834 945 2880 ut
982 2824 1332 2880 manducaret
1378 2824 1539 2879 homo
1562 2866 1576 2888 ,
1617 2822 1791 2879 factus
1816 2831 1900 2879 est
1929 2823 2113 2877 homo.

526 2913 624 2970 Hic
651 2929 838 2970 omnes
879 2916 1070 2970 animae
1114 2924 1381 2973 terrenam
1422 2930 1641 2972 carnem
1690 2923 2003 2988 portantes,
2048 2913 2116 2969 de

526 3011 668 3060 terra
691 3006 919 3077 implent
941 3014 1155 3063 ventres
1182 3024 1197 3061 :
1225 3006 1298 3064 ibi
1323 3006 1542 3077 spiritus
1566 3000 1856 3063 rationales
1880 3004 2116 3062 caelesti-

522 3095 625 3152 bus
660 3098 975 3167 corporibus
1001 3097 1374 3170 praesidentes,
1400 3097 1474 3154 de
1500 3098 1612 3154 Deo
1638 3097 1864 3169 implent
1883 3109 2111 3154 mentes.

520 3187 590 3243 Et
617 3188 707 3245 hic
726 3190 878 3247 cibus
903 3200 1006 3259 est,
1034 3199 1089 3248 et
1114 3190 1188 3247 ibi
1216 3190 1369 3247 cibus
1407 3208 1421 3246 :
1450 3190 1547 3248 sed
1574 3191 1726 3247 cibus
1758 3191 1859 3248 iste
1877 3205 1998 3247 cum
2023 3206 2113 3247 re-

520 3279 655 3349 iicit,
692 3282 892 3351 deﬁcit,
921 3293 978 3341 et
1002 3283 1084 3340 sic
1116 3284 1306 3355 implet
1327 3283 1532 3353 alvum,
1580 3292 1638 3340 ut
1665 3284 1782 3355 ipse
1803 3284 2108 3352 minuatur;

520 3370 610 3427 ille
624 3381 804 3429 autem
818 3385 874 3430 et
892 3376 1099 3446 implet,
1119 3385 1177 3430 et
1201 3376 1408 3446 integer
1433 3384 1729 3447 permanet.
1751 3375 1905 3431 Hunc
1924 3376 2109 3431 cibum

522 3462 681 3518 nobis
709 3464 1055 3521 esuriendum
1092 3466 1342 3523 Christus
1367 3467 1580 3535 indixit,
1601 3467 1787 3523 dicens
1812 3486 1825 3523 :
1856 3466 2002 3521 Beati
2024 3467 2111 3538 qui

519 3556 745 3612 esuriant
775 3567 825 3612 et
850 3559 1027 3613 sitiunt
1044 3560 1320 3630 justitiam,
1351 3560 1591 3634 quoniam
1613 3560 1714 3632 ipsi
1748 3558 2110 3616 saturabuntur

519 3647 733 3722 (Matth.
763 3667 818 3717 v,
847 3650 925 3723 6).
955 3652 1194 3707 Pertinet
1224 3667 1356 3724 ergo
1387 3654 1455 3710 ad
1482 3653 1729 3710 homines
1769 3654 1909 3709 hanc
1940 3653 2106 3710 vitam

516 3743 797 3798 mortalem
828 3751 1113 3815 gerentes,
1164 3745 1368 3801 esurire
1394 3760 1459 3801 ac
1486 3745 1635 3800 sitire
1667 3745 1926 3817 justitiam
1958 3762 1973 3800 :
2007 3745 2108 3801 im-

514 3834 653 3904 pleri
680 3843 858 3890 autem
884 3835 1136 3908 .justitia,
1184 3834 1255 3892 ad
1300 3837 1457 3893 aliam
1503 3836 1665 3893 vitam
1708 3836 1960 3907 pertinet.
1993 3835 2106 3891 Hoc

514 3941 653 3996 pane
676 3968 693 3995 ,
742 3927 849 3983 hoc
894 3928 1014 3983 cibo
1057 3928 1200 3998 pleni
1236 3937 1362 3984 sunt
1389 3928 1578 3999 Angeli
1606 3946 1619 3982 :
1651 3927 1898 3984 homines
1926 3936 2104 3984 autem

512 4017 639 4073 dum
668 4018 912 4075 esurinnt
934 4019 1229 4076 extendunt
1256 4036 1348 4088 se;
1379 4020 1508 4076 dum
1536 4035 1598 4076 se
1625 4020 1940 4089 extendunt,
1966 4021 2102 4077 dila—

511 4119 724 4179 tantur;
753 4111 879 4168 dum
904 4113 1216 4181 dilatantur,
1247 4128 1471 4186 capaces
1498 4113 1664 4181 ﬁunt;
1688 4127 1911 4184 capaces
1937 4112 2057 4168 facti
2082 4155 2098 4181 ,

510 4217 610 4259 suo
640 4213 881 4275 tempore
908 4204 1280 4275 replebuntur.
1318 4204 1458 4274 Quid
1497 4204 1666 4276 ergo?
1696 4205 1782 4261 hic
1810 4204 1944 4261 nihil
1978 4204 2100 4261 inde

508 4295 724 4366 capiunt
770 4295 864 4366 qui
908 4296 1151 4351 esuriant
1202 4303 1261 4351 et
1296 4296 1485 4351 sitiunt
1522 4296 1820 4366 justitiam?
1873 4296 2101 4368 Cupiunt

507 4385 664 4457 plane
687 4404 701 4440 :
730 4386 826 4443 sed
854 4386 997 4441 aliud
1017 4394 1117 4455 est,
1136 4401 1257 4443 cum
1278 4389 1566 4459 quaerimus
1585 4386 1652 4443 de
1674 4385 1968 4443 refectione
1994 4388 2099 4443 iter

506 4477 810 4549 agentium;
841 4488 897 4534 et
920 4476 1085 4545 aliud,
1138 4493 1258 4534 cum
1308 4478 1594 4550 quaerimus
1646 4477 1713 4537 de
1767 4478 2096 4550 perfectione

504 4569 805 4627 beatorum.
855 4570 1172 4641 Apostolum
1198 4568 1324 4624 audi
1348 4571 1674 4626 esurientem
1699 4578 1757 4626 et
1780 4569 2049 4627 sitientem
2074 4612 2091 4641 ,

504 4671 560 4718 et
605 4666 783 4734 utique
827 4661 1108 4732 justitiam,
1139 4670 1333 4733 quanta
1363 4662 1417 4717 in
1449 4660 1551 4717 hac
1590 4662 1695 4717 vita
1738 4664 1854 4733 capi
1893 4671 2090 4733 potest,

505 4764 699 4824 quanta
726 4755 841 4826 geri
865 4753 1088 4826 iustitia.
1121 4752 1252 4824 Quis
1294 4754 1437 4811 enim
1488 4763 1729 4810 nostrum
1771 4769 1830 4811 se
1881 4754 1956 4809 illi
2006 4757 2093 4811 vel

504 4845 751 4904 conferre
774 4846 986 4916 audeat,
1017 4848 1213 4904 nedum
1241 4848 1529 4920 praeferre?
1555 4847 1660 4905 Sed
1688 4848 1813 4919 quid
1840 4848 1934 4915 ait,
1967 4846 2092 4904 Non

502 4941 623 5014 quia
634 4941 751 5012 jam
775 4942 1073 5012 acceperim,
1112 4952 1201 4997 aut
1216 4943 1332 5014 jam
1359 4942 1609 5014 perfectus
1623 4942 1739 4997 sim.
1760 4940 1947 4997 Videte
1966 4941 2091 5012 quis

501 5034 751 5106 loquatur
777 5051 792 5089 :
820 5033 928 5092 Vas
953 5036 1251 5104 electionis,
1273 5044 1327 5093 et
1346 5046 1643 5093 extremum
1669 5036 1898 5109 quodam
1925 5034 2089 5093 modo

500 5127 834 5185 ﬁmbriarum
866 5129 1170 5186 vestimenti
1212 5130 1463 5199 Domini;
1506 5129 1604 5188 sed
1642 5138 1820 5188 tamen
1847 5130 1992 5203 quod
2020 5127 2087 5187 ad

498 5222 701 5281 ﬂuxum
727 5220 999 5295 sanguinis
1021 5230 1175 5279 sanat
1210 5230 1536 5295 tangentem,
1576 5223 1699 5295 quia
1724 5223 2035 5280 credentem
2067 5241 2084 5279 :

497 5320 820 5378 novissimus
847 5322 989 5378 enim
1016 5321 1397 5394 Apostolorum
1423 5327 1478 5376 et
1505 5319 1778 5389 minimus,
1809 5319 1948 5375 sicut
1968 5319 2085 5390 ipse

498 5412 593 5481 ait,
621 5411 737 5485 Ego
763 5430 876 5471 stult
914 5413 1218 5472 novissimus
1265 5416 1663 5489 Apostolorum;
1689 5422 1766 5480 et,
1808 5413 1923 5487 Ego
1966 5431 2087 5469 sum

496 5505 737 5563 minitans
785 5508 1267 5579 Apostolorum:et
1310 5508 1526 5575 iterum,
1578 5507 1700 5562 Non
1740 5522 1853 5562 sum
1899 5508 2085 5578 dignus

491 5603 664 5657 vocari
688 5604 966 5674 apostolus,
998 5606 1117 5676 quia
1144 5611 1436 5677 persecutus
1483 5619 1597 5658 sum
1634 5601 1918 5657 Ecclesiam
1948 5600 2046 5657 Dei
2064 5616 2084 5656 :

558 5738 949 5804 (a)_n_eceus_etur
972 5751 1001 5790 a
1015 5738 1228 5790 Possidio
1239 5738 1292 5789 in
1310 5735 1506 5789 tndiculi
1527 5749 1630 5804 cap.
1652 5736 1702 5790 8.
1733 5744 1831 5788 Non
1850 5741 2081 5802 repertus

498 5805 579 5855 est
598 5800 695 5851 nisi
713 5800 766 5849 in
785 5801 947 5851 Editis.

1575 5885 1599 5894 κ.
1638 5874 1726 5903 ’γλ-κ

2232 2276 2321 2332 ego
2347 2269 2546 2328 autem,
2584 2264 2674 2317 sed
2709 2266 2875 2336 gratia
2903 2265 2999 2321 Dei
3035 2283 3233 2323 mecum
3260 2267 3318 2343 (Ι
3359 2268 3478 2326 Cor.
3522 2286 3599 2339 xv,
3621 2270 3750 2341 840).

2233 2351 2356 2409 Haec
2386 2354 2610 2414 audiens
2650 2365 2738 2429 tu,
2787 2366 3037 2434 tanquam
3075 2361 3296 2434 plenum
3323 2373 3380 2421 et
3402 2365 3666 2439 perlectum
3682 2364 3751 2427 tibi

3842 624 3848 685 ἲ

2792 747 2826 809 i,
2849 747 2974 803 boni
3000 736 3166 812 servi,
3189 749 3308 805 data
3330 754 3409 804 cst
3432 749 3566 807 vobis
3585 736 3741 810 occasio
3842 736 3848 791 ³

2797 816 3033 894 bundant
3060 820 3353 890 peregrini,
3381 821 3576 894 captivi,
3598 838 3742 894 exspo-
3834 812 3848 885 ἓι

3834 916 3841 971 i

2227 2446 2425 2519 videris
2448 2449 2653 2515 audire.
2687 2452 2895 2509 Audisti
2923 2455 3049 2526 quid
3078 2465 3274 2523 ructet,
3302 2457 3430 2517 audi
3457 2465 3510 2514 et
3531 2456 3641 2529 quid
3667 2471 3751 2515 esu-

2226 2538 2349 2593 riat.
2384 2538 2509 2596 Non
2536 2542 2657 2613 quia
2673 2544 2789 2615 jam
2814 2546 3114 2617 acceperim,
3153 2557 3241 2602 aut
3261 2550 3383 2619 jam
3412 2554 3641 2621 perfectus
3658 2547 3750 2616 dot,

2225 2629 2317 2685 ait.
2350 2629 2579 2702 Fratres,
2610 2649 2702 2704 ego
2726 2652 2827 2691 non
2851 2638 3068 2694 arbitror
3087 2655 3167 2694 me
3193 2641 3579 2713 apprehendisse
3601 2658 3619 2697 :
3641 2656 3751 2696 unm

2223 2731 2391 2777 autem
2416 2741 2532 2794 qua:
2554 2736 2689 2783 retro
2718 2727 2925 2797 oblitus,
2954 2730 3009 2785 in
3049 2748 3109 2785 ea
3133 2747 3250 2802 quc
3273 2742 3394 2795 ante
3419 2743 3532 2789 sunt
3549 2743 3747 2802 calatum,

2221 2817 2496 2871 secundum
2522 2819 2847 2875 intentionem
2872 2837 3054 2893 sequor
3074 2823 3145 2877 ad
3165 2825 3395 2895 palmam
3410 2841 3628 2897 super-uc
3646 2839 3751 2882 κει·

2224 2906 2373 2962 tionis
2400 2905 2499 2964 Dei
2524 2909 2577 2963 in
2605 2907 2806 2966 Christo
2829 2910 2955 2967 Iesu
2982 2910 3242 2987 (Philipp.
3284 2931 3365 2982 m,
3415 2917 3613 2991 i244).
3654 2914 3751 2973 Dicit

2220 3011 2280 3055 se
2305 2999 2542 3057 nondum
2566 3017 2686 3059 esse
2713 3003 3029 3075 perlectum,
3056 3006 3200 3077 quod
3230 3008 3473 3071 nondum
3500 3008 3747 3083 acceperit,

2220 3090 2459 3147 nondum
2508 3095 2970 3176 apprehenderit:
3012 3097 3143 3154 dicit
3184 3114 3245 3156 se
3293 3101 3532 3169 extendi,
3568 3098 3676 3157 dicit
3705 3109 3749 3156 at

2218 3183 2371 3255 sequi
2394 3183 2459 3240 ad
2479 3185 2710 3258 palmam
2733 3203 2980 3261 supernae
3007 3191 3329 3248 vocationis.
3358 3193 3416 3249 In
3446 3194 3526 3250 vis
3551 3200 3638 3258 est;
3660 3204 3748 3248 esu-

2217 3276 2307 3341 rit,
2337 3276 2553 3349 impleri
2570 3279 2703 3348 vult,
2724 3283 2936 3355 satagit,
2967 3286 3246 3356 pervenire
3275 3285 3746 3355 desiderat,aestuat:

2216 3369 2351 3426 nihil
2378 3371 2456 3426 illi
2487 3380 2594 3428 tam
2617 3390 2824 3447 augure
2848 3391 3015 3434 mam
3044 3390 3147 3449 est,
3173 3394 3344 3452 quam
3361 3380 3573 3439 dissolvi
3593 3387 3642 3439 et
3659 3389 3749 3439 esse

2214 3476 2335 3518 cum
2362 3462 2574 3522 Christo
2602 3465 2713 3539 (Id.
2747 3485 2784 3535 ι,
2811 3467 2926 3542 25).
3038 3500 3041 3501 ν

2285 3554 2512 3614 CAPUT
2542 3557 2607 3613 ll.
2637 3590 2706 3601 —-
2730 3559 2783 3614 2.
2812 3559 3076 3633 Jejunium
3101 3563 3369 3621 hominum
3388 3574 3460 3623 est
3481 3564 3671 3621 medium
3689 3561 3743 3617 lo-

2213 3664 2328 3703 cum
2370 3651 2648 3705 tenentium
2670 3653 2903 3709 carnales
2922 3654 3052 3708 inter
3084 3664 3134 3709 et
3174 3656 3424 3729 Angelos.
3462 3658 3615 3729 Ergo,
3647 3652 3743 3711 clla-

2210 3744 2429 3810 rissimi,
2461 3745 2584 3815 quia
2610 3753 2693 3802 est
2714 3754 2964 3804 terrenus
2990 3748 3163 3817 cibus,
3188 3765 3301 3820 quo
3327 3752 3503 3807 carnis
3518 3748 3741 3806 inﬁrmitas

2209 3836 2482 3905 pascitur;
2527 3844 2611 3892 est
2654 3847 2832 3895 autem
2864 3848 2917 3896 et
2969 3840 3208 3899 caelestis
3254 3843 3429 3911 cibus,
3477 3857 3574 3917 quo
3616 3841 3740 3915 pietas

2208 3930 2403 3985 mentis
2431 3931 2707 4001 impletur;
2737 3940 2794 3989 et
2819 3933 2983 3992 habet
3027 3937 3180 3993 cibus
3204 3937 3313 3995 iste
3340 3947 3576 3997 terrenus
3617 3936 3739 3992 vitam

2208 4037 2381 4089 suam,
2413 4022 2577 4080 habet
2600 4032 2657 4080 et
2703 4024 2792 4081 ille
2819 4041 2971 4083 suam
2997 4044 3011 4081 :
3040 4027 3201 4101 hujus
3245 4031 3357 4086 cibi
3388 4033 3490 4087 vita
3517 4030 3738 4085 hominum

2206 4125 2309 4185 est,
2338 4117 2481 4173 illius
2500 4119 2603 4174 cibi
2634 4120 2740 4175 vita
2769 4120 3095 4193 Angelorum
3140 4132 3244 4181 est.
3279 4124 3487 4183 Fideles
3511 4122 3733 4188 homines,

2204 4208 2423 4267 discreti
2443 4211 2555 4281 jam
2580 4212 2744 4268 corde
2790 4228 2823 4268 a
2866 4214 3028 4271 turba
3076 4216 3377 4274 inﬁdelium
3402 4259 3419 4286 ,
3464 4213 3735 4288 suspensiin

2203 4303 2370 4359 Deum
2390 4346 2404 4371 ,
2430 4304 2625 4376 quibus
2650 4305 2864 4373 dicitur,
2918 4306 3142 4365 Sursum
3176 4324 3274 4365 cor
3295 4351 3312 4378 ,
3339 4311 3493 4366 aliam
3517 4300 3732 4383 spelaea-

2151 4386 2160 4393 ’
2202 4406 2384 4455 rentes
2405 4438 2419 4464 ,
2456 4406 2511 4454 et
2538 4396 2769 4454 scientes
2785 4412 2844 4453 se
2870 4401 3199 4472 peregrinari
3222 4402 3277 4457 in
3303 4401 3407 4460 hoc
3424 4402 3629 4467 mundo,
3646 4412 3730 4453 me-

2200 4490 2345 4548 dium
2357 4491 2638 4562 quemdam
2658 4492 2833 4548 locum
2854 4502 3034 4549 tenent
3047 4509 3179 4566 :pec
3195 4494 3300 4551 illis
3309 4494 3731 4567 comparandisunt

2198 4584 2290 4655 qui
2331 4583 2465 4639 nihil
2491 4585 2635 4640 aliud
2682 4596 2869 4657 putant
2905 4586 3128 4655 bonum,
3150 4604 3311 4659 quam
3328 4589 3528 4646 deliciis
3549 4584 3727 4644 terrenis

2198 4676 2419 4748 perfrui,
2436 4692 2533 4732 nec
2550 4678 2830 4735 illisadhuc
2846 4680 3090 4751 supernis
3102 4680 3486 4739 habitatoribus
3499 4679 3625 4743 creti,
3637 4676 3726 4749 qui-

2198 4767 2297 4824 bus
2313 4769 2442 4825 solte
2458 4768 2665 4826 delicia:
2686 4780 2815 4826 sunt
2840 4772 2996 4843 panis
3018 4772 3134 4843 ipse
3154 4787 3190 4830 a
3214 4789 3322 4845 quo
3341 4773 3500 4831 creati
3521 4778 3645 4830 sunt.
3662 4763 3725 4825 illi

2199 4862 2446 4920 homines
2471 4866 2626 4936 proni
2656 4866 2723 4921 ad
2753 4876 2973 4934 terram,
3003 4878 3214 4939 metum
3242 4880 3404 4942 atque
3670 4862 3722 4919 de

2197 4952 2309 5009 sola
2332 4970 2494 5012 carne
2516 4957 2874 5028 requirentes,
2892 4960 3175 5030 pecoribus
3192 4971 3558 5034 comparantur
3576 4960 3721 5027 :Ionge

2195 5044 2265 5102 ab
2288 5046 2508 5119 Angelis
2542 5047 2746 5105 distant
2770 5058 2825 5107 et
2850 5050 3155 5113 conditione
3192 5060 3249 5110 et
3292 5052 3549 5120 moribus;
3570 5044 3716 5125 contri-

2196 5138 2362 5206 tione,
2392 5140 2519 5211 quia
2542 5141 2799 5199 mortales
2838 5153 2995 5212 sunt;
3043 5146 3307 5214 moribus,
3334 5148 3458 5219 quia
3482 5141 3713 5205 lautitii-

2192 5229 2339 5287 Inter
2364 5231 2512 5287 illum
2535 5234 2789 5304 pupulum
2818 5237 2942 5293 caeli
2970 5246 3025 5293 et
3055 5241 3310 5310 populum
3350 5249 3522 5307 term,
3548 5233 3712 5293 melii!

2191 5322 2422 5394 quodam
2446 5323 2606 5379 modo
2633 5325 2899 5396 pendebat
2916 5328 3205 5401 Apostolus
3233 5330 3391 5386 :iltuc
3411 5331 3527 5394 ibat,
3546 5328 3648 5383 hinc
3663 5334 3708 5387 5.8

2190 5417 2483 5474 attollebat.
2509 5417 2623 5476 Nec
2644 5434 2767 5476 cum
2793 5421 3092 5487 illistameu
3118 5431 3237 5485 erat
3281 5424 3476 5489 adhuc;
3511 5434 3613 5481 nam
3646 5412 3705 5477 ἅ·

2189 5519 2368 5579 ceret,
2400 5511 2518 5567 Iam
2536 5512 2807 5584 perlectus
2835 5529 2955 5569 sum
2972 5533 2991 5571 :
3012 5526 3250 5573 neccum
3276 5516 3395 5571 istis
3410 5523 3531 5578 emt,
3548 5508 3696 5582 pisi“.

2191 5603 2435 5675 torpidis,
2462 5604 2733 5674 marcidis,
2766 5605 3136 5675 somnolentis,
3165 5606 3291 5663 nihil
3319 5602 3453 5661 aliud
3486 5614 3588 5660 esse
3610 5612 3698 5679 λκιο

2188 5696 2447 5761 tantibus,
2475 5697 2578 5753 nisi
2620 5697 2765 5769 quod
2793 5698 2975 5767 vident
2992 5740 3011 5767 ,
3033 5696 3250 5772 etquod
3272 5699 3489 5767 transit,
3508 5706 3556 5753 et
3582 5684 3695 5764 lim

2192 5789 2304 5847 nati
2329 5796 2475 5863 sunt,
2506 5798 2560 5849 et
2586 5789 2727 5863 quod
2757 5792 3003 5854 morituri
3024 5803 3181 5865 sunt;
3204 5807 3324 5852 nam
3346 5790 3397 5849 si
3418 5785 3694 5859 πράως

3818 2696 3832 2835 ξ

3822 2986 3833 3121 Ξ

3822 3144 3847 3203 li

3822 3218 3838 3601 ἰ
