3860 6284
86 353 166 415 τω
1154 345 1380 404 SERMO
1419 344 1507 400 DE
1563 340 1603 398 υ

1713 342 1926 401 ,ιτΑτΕ
1961 340 2231 404 JEJUNli.

79 484 167 538 set,
194 485 285 525 non
306 469 535 532 diceret,
564 466 759 536 Sequor
786 462 854 518 ad
876 463 1099 535 palmam
1122 478 1355 534 superna:
1376 459 1601 516 uocatio-

78 570 153 621 nit.
177 563 468 620 Gubernare
490 560 666 630 itaque
691 558 947 614 debemus
991 566 1174 612 nostra
1216 556 1441 627 ieiunia.
1480 555 1600 611 Non

76 659 263 723 esthoc,
289 662 345 710 ut
364 655 467 709 dixi
493 694 508 721 ,
538 654 768 708 officium
815 648 1149 723 angelicum;
1191 666 1295 706 nec
1332 660 1507 705 tamen
1548 656 1607 704 et

42 753 244 819 )illorum
264 747 533 802 hominum
585 743 819 801 ofﬁcium
857 749 943 799 est
980 744 1075 814 qui
1103 744 1277 799 ventri
1301 743 1541 797 serviunt
1586 758 1600 794 :

44 826 49 901 ἒ
72 842 320 898 medietatis
344 850 543 894 nostrae
562 850 653 894 res
679 847 793 902 est,
818 850 924 908 qua
942 837 1181 892 vivimus
1206 836 1403 892 secreti
1432 835 1499 890 ab
1530 832 1605 888 in-

46 930 308 998 fidelibus,
364 930 621 999 conjungi
693 929 908 999 Angelis
986 928 1271 983 inhiantes.
1355 926 1600 981 Nondum

71 1026 378 1097 pervenimus,
430 1022 528 1078 sed
591 1021 700 1093 iam
769 1021 907 1075 imus
948 1036 964 1075 :
1003 1020 1247 1075 nondum
1298 1017 1371 1074 ibi
1448 1017 1600 1073 hctu-

75 1134 199 1186 mur,
228 1116 317 1173 sed
339 1114 445 1186 iam
498 1113 591 1170 hic
643 1114 988 1184 suSpiramus.
1050 1108 1191 1181 Quid
1251 1124 1381 1182 ergo
1443 1110 1599 1166 nobis

71 1211 241 1281 prodest
256 1210 521 1263 abstinere
568 1208 901 1276 aliquantum
928 1221 958 1260 a
979 1213 1134 1275 pastu
1159 1212 1216 1259 et
1262 1204 1442 1258 laetitia
1478 1216 1600 1257 car-

80 1302 157 1355 nali
176 1300 196 1354 ἲ
217 1298 344 1354 Caro
365 1299 419 1353 in
444 1305 650 1353 terram
675 1298 847 1367 cogit;
867 1310 1020 1353 mens
1044 1308 1254 1352 sursum
1270 1295 1442 1351 tendit
1472 1310 1487 1347 :
1515 1308 1602 1348 ra-

74 1394 177 1462 pitur
196 1404 383 1458 amere,
422 1385 525 1446 sed
551 1391 790 1445 tardatur
816 1390 1074 1461 pondere.
1102 1390 1181 1445 De
1210 1389 1315 1443 hac
1353 1403 1414 1443 re
1449 1386 1600 1442 Scri-

80 1495 185 1553 ptura
217 1483 280 1537 ita
303 1482 542 1551 loquitur
570 1480 815 1551 {Corpus
860 1482 995 1536 enim
1040 1480 1178 1550 quod
1216 1478 1559 1549 corrumpitur
1580 1516 1597 1543 ,

80 1584 257 1646 aggravet
272 1574 515 1638 animum,
534 1582 589 1627 et
608 1572 845 1644 deprimit
864 1581 1062 1627 terrm
1079 1571 1379 1628 inhobitutio
1397 1584 1599 1625 seum

78 1665 189 1719 mnu
211 1666 501 1737 cogitantem
525 1664 685 1738 (Sep.
712 1676 789 1733 Ix,
805 1662 919 1737 l6).
948 1665 1008 1720 Si
1024 1678 1153 1735 ergo
1173 1664 1371 1718 caroin
1394 1671 1592 1717 terram

75 1770 244 1827 vergens
259 1768 391 1811 onus
411 1765 499 1812 est
519 1757 717 1811 anima:
732 1798 748 1823 ,
777 1766 831 1811 et
860 1756 1070 1811 sarcina
1098 1768 1435 1826 prmgrnvans
1462 1766 1602 1824 prue-

75 1848 309 1913 rolantem;
326 1858 592 1919 quantum
614 1852 837 1920 quisque
859 1850 1158 1905 delectatur
1184 1848 1461 1919 superiore
1490 1848 1599 1901 vita

75 1955 158 2004 sua,
182 1948 364 1994 tantum
393 1941 622 2010 deponit
648 1940 719 1996 de
769 1950 982 1997 terrena
1038 1941 1247 1997 sarcina
1296 1954 1413 1995 sua.
1459 1940 1598 1995 Ecce

75 2033 176 2103 quod
199 2034 387 2104 agimus
414 2034 748 2103 ieiunantes.

123 2125 309 2185 CAPUT
346 2126 432 2181 Ill.
460 2154 537 2168 —-
556 2128 610 2183 3.
638 2126 901 2198 Jejunium
928 2126 1265 2180 necessarium
1301 2125 1369 2179 ad
1394 2139 1597 2179 carnem

78 2219 337 2272 domandam.
363 2216 483 2273 Non
513 2218 670 2274 vobis
697 2232 825 2288 ergo
850 2216 1092 2272 videatur
1118 2218 1250 2271 levis
1279 2229 1367 2272 res
1386 2224 1478 2271 aut
1503 2228 1596 2271 su-

80 2313 243 2379 perﬂua,
271 2326 334 2367 ne
361 2313 649 2382 quisquam
676 2311 815 2365 forte
834 2310 937 2364 hoc
963 2309 1165 2364 faciens
1194 2307 1443 2363 Ecclesiae
1469 2323 1599 2362 con-

78 2404 310 2469 suetudine,
339 2406 535 2475 cogitet
573 2402 718 2472 apud
738 2416 797 2456 se
814 2443 828 2467 ,
873 2410 929 2456 et
952 2401 1096 2455 dicat
1114 2399 1217 2453 sibi
1235 2438 1249 2465 ,
1282 2408 1373 2453 aut
1400 2412 1595 2469 sugge-

80 2504 230 2550 tentem
258 2496 576 2550 intrinsecus
630 2494 813 2548 audiat
857 2491 1379 2558 tentatorem:Quid
1434 2492 1592 2558 facis,

81 2587 165 2653 quia
182 2586 369 2655 ieiunas
397 2588 421 2638 il
462 2585 759 2641 Deiraudas
783 2586 1013 2638 animum
1062 2592 1208 2637 tuam
1227 2623 1241 2649 ,
1272 2598 1379 2636 non
1411 2582 1459 2636 ei
1500 2582 1596 2639 dos

82 2677 177 2745 quod
197 2692 301 2732 eam
317 2678 581 2744 delectat;
606 2676 701 2731 tibi
728 2676 829 2745 ipsi
857 2674 1056 2746 ingeris
1079 2686 1317 2744 pmnum,
1334 2678 1457 2737 tuus
1484 2673 1599 2741 ipse

82 2777 268 2825 tortoret
292 2771 554 2826 cmciator
597 2768 803 2824 existis.
838 2768 947 2822 Deo
990 2782 1121 2836 ergo
1166 2766 1337 2835 placet
1376 2765 1502 2834 quia
1540 2771 1595 2819 te

82 2862 269 2916 crucias?
290 2863 422 2934 Ergo
447 2862 685 2917 crudelis
715 2869 824 2925 est,
842 2860 932 2930 qui
954 2858 1256 2913 delectatur
1278 2856 1593 2927 pmnistuis.

82 2955 300 3025 Responde
326 2956 639 3029 huiusmodi
659 2954 911 3010 tentatori
943 2970 957 3006 :
991 2951 1256 3006 Excrucio
1281 2964 1368 3005 me
1400 2950 1593 3019 plane,

84 3050 202 3105 mille
222 3060 417 3121 parcat;
442 3050 514 3105 do
541 3048 613 3105 de
639 3063 725 3103 me
749 3060 965 3117 pinnas,
990 3051 1048 3099 ut
1075 3044 1162 3098 ille
1188 3043 1501 3108 subveniat,
1538 3049 1600 3095 ut

85 3141 261 3208 placeam
280 3143 441 3198 oculis
454 3143 599 3212 eius,
614 3149 675 3195 ut
691 3139 951 3195 delectem
966 3136 1287 3192 suavitatem
1306 3135 1444 3204 eius.
1464 3134 1595 3188 Nam

86 3238 120 3283 et
139 3231 315 3287 victima
342 3233 699 3295 excruciatur,
729 3238 787 3284 ut
816 3230 869 3283 in
900 3242 1047 3282 aram
1076 3228 1398 3295 imponatur.
1426 3224 1597 3280 Minus

88 3332 239 3389 premet
260 3334 484 3381 mentem
512 3335 695 3378 meam
722 3335 846 3375 caro
874 3332 1013 3374 mea.
1057 3318 1127 3371 Et
1165 3317 1256 3370 tali
1298 3314 1595 3370 dissuasori

89 3416 213 3482 nialo,
234 3429 378 3472 servo
404 3416 653 3483 ventris,
699 3411 965 3482 responde
994 3425 1087 3480 per
1114 3408 1252 3462 hanc
1291 3406 1599 3462 similitudi-

89 3524 189 3575 nem,
212 3519 255 3565 et
272 3512 349 3566 dic
370 3512 446 3566 :Si
470 3511 718 3581 iumento
747 3505 884 3560 forte
899 3503 1182 3567 insideres,
1204 3502 1251 3555 si
1270 3513 1405 3570 equo
1422 3508 1600 3554 utere-

91 3603 235 3672 ris,qui
254 3604 579 3675 tegestiendo
595 3597 1120 3671 possetprtccipitare
1139 3613 1153 3661 ;
1175 3608 1349 3649 nonne
1375 3598 1431 3647 ut
1441 3606 1599 3647 secu-

93 3706 153 3746 rus
170 3694 250 3749 iter
270 3710 446 3766 ageres
461 3738 476 3763 ,
502 3694 703 3750 cibaria
720 3689 996 3746 ferocienti
1012 3686 1374 3751 subtraheres,
1394 3682 1599 3739 etiame

94 3783 278 3843 domares
298 3804 447 3859 quem
477 3789 639 3844 freno
672 3799 778 3840 non
810 3797 995 3854 posses
1020 3782 1044 3835 ἲ
1069 3781 1205 3836 Caro
1232 3794 1347 3835 mea
1386 3779 1600 3848 jumen-

95 3886 169 3931 tum
186 3895 337 3937 meum
356 3891 438 3937 est
464 3899 479 3937 ε
506 3883 613 3936 iter
633 3894 732 3949 ego
761 3878 813 3931 in
840 3875 1157 3938 Jerusalem,
1192 3873 1498 3943 plerumque
1516 3885 1605 3925 me

94 3970 206 4037 rapit,
230 3981 276 4027 et
300 3972 361 4029 de
384 3975 465 4029 via
490 3980 720 4029 conatur
742 3968 1025 4025 excludere
1052 3968 1069 3997 ί
1100 3983 1113 4019 :
1142 3966 1224 4019 via
1275 3973 1451 4018 autem
1482 3977 1599 4017 mea

95 4062 277 4122 Christus
302 4076 380 4123 est
405 4088 416 4122 :
450 4070 521 4123 ita
549 4067 905 4123 exsultantem
934 4074 1043 4116 non
1070 4058 1331 4114 cohibebo
1352 4056 1554 4126 jejunio
1582 4056 1606 4109 ?

95 4153 239 4227 Siquis
280 4161 377 4217 hoc
400 4163 573 4232 sapit,
621 4160 780 4215 etiam
838 4157 954 4226 ipso
1008 4152 1378 4224 experimento
1420 4150 1609 4221 probat

97 4266 211 4319 quam
250 4258 434 4314 utiliter
466 4259 759 4329 ieiunetur.
803 4250 1068 4321 Numquid
1106 4251 1247 4304 enim
1299 4262 1425 4303 caro
1469 4248 1605 4313 ista,

99 4360 183 4413 iure
205 4364 326 4405 nunc
348 4352 613 4416 domatur,
638 4346 848 4418 semper
870 4345 1177 4401 domabitur
1195 4343 1218 4396 ?
1238 4343 1371 4396 Dum
1400 4348 1610 4409 tempo-

97 4436 235 4494 ‘aliter
256 4442 429 4511 ﬂuitat,
460 4445 587 4500 dum
612 4439 954 4497 mortalitatis
981 4435 1287 4492 conditione
1314 4444 1610 4502 integraru-

109 4538 177 4597 ltr,
196 4531 334 4591 habet
364 4537 744 4592 exsultationes
776 4545 901 4587 suas
926 4528 1233 4584 manifestas
1259 4537 1315 4582 et
1343 4524 1610 4596 periculo-

103 4632 165 4673 sas
182 4628 319 4681 menti
339 4637 549 4684 nostrae.
572 4628 712 4681 Caro
736 4633 819 4680 est
847 4624 990 4678 enim
1014 4620 1193 4675 adhuc
1214 4617 1605 4687 corruptibilis,

105 4712 285 4771 nondum
310 4720 621 4784 resurrexit;
646 4731 771 4772 nam
815 4726 922 4769 non
954 4726 1167 4781 seraper
1184 4712 1264 4765 sic
1288 4710 1390 4764 erit
1433 4726 1446 4763 :
1474 4722 1613 4762 non-

110 4800 199 4861 dum
240 4809 381 4867 habet
418 4824 614 4869 statum
653 4809 931 4882 proprium
972 4805 1208 4861 cmiestis
1254 4802 1610 4867 habitudinis;

112 4900 437 4962 nondnm'enim
469 4907 591 4961 iacti
614 4916 801 4960 sumus
823 4899 1053 4970 aequales
1086 4897 1303 4966 Angelis
1332 4896 1443 4949 Dei.

164 4989 345 5051 CAPUT
378 4996 463 5054 IV.
500 5028 575 5041 --
602 4998 653 5054 4.
700 4994 1103 5049 Manichaeorum
1148 5004 1290 5043 error
1328 4988 1389 5040 de
1445 4998 1615 5056 pugna

116 5079 239 5135 carnis
272 5093 312 5139 et
331 5089 544 5159 spiritus.
564 5086 748 5144 Carnis
775 5098 947 5156 pugna
973 5094 1119 5153 pinna
1150 5077 1360 5150 peccati.
1384 5075 1465 5131 Ne
1488 5089 1616 5145 ergo

119 5168 344 5234 arbitretur
362 5179 573 5238 Diiectio
600 5188 797 5247 vestra,
820 5175 963 5248 quod
978 5174 1191 5229 inimica
1205 5171 1276 5226 sit
1296 5183 1427 5226 caro
1456 5169 1618 5238 spiri-

120 5265 191 5329 ῒῐιῑ,
212 5268 334 5340 quasi
351 5276 475 5331 alter
496 5276 568 5332 sit
584 5282 774 5330 auctor
792 5272 994 5334 carnis,
1032 5267 1170 5321 alter
1198 5265 1269 5320 sit
1292 5271 1478 5318 auctor
1502 5260 1621 5331 spi-

124 5357 387 5423 ritushlulti
411 5370 547 5426 enim
590 5367 696 5423 hoc
732 5371 979 5435 putantes
1026 5372 1153 5414 vere
1198 5356 1338 5427 rapti
1391 5355 1459 5408 ab
1500 5355 1617 5423 ipsa

127 5462 247 5510 Carne
269 5456 535 5531 deviarem,
567 5471 619 5519 et
639 5461 859 5516 alterum
889 5464 1162 5511 auctorem
1199 5449 1368 5519 carni,
1392 5450 1620 5504 alterum

133 5541 288 5607 Spiritui
312 5562 600 5620 posuerunt.
632 5552 864 5610 Utuntur
1108 5542 1263 5615 quasi
1317 5538 1621 5597 testimonio

135 5641 380 5711 itlitistolitm,
404 5648 531 5718 quod
550 5664 657 5704 non
674 5644 974 5715 intelligunt
998 5659 1014 5695 :
1046 5640 1177 5695 Caro
1197 5637 1503 5710 concupiscit
1524 5635 1625 5689 ud-

140 5738 264 5782 rertus
289 5737 507 5807 spiritum,
534 5751 577 5796 et
617 5738 822 5812 spiritus
851 5738 1089 5792 adversus
1120 5748 1319 5789 carnem
1340 5729 1543 5802 (ςαῑαιο
1568 5743 1621 5796 ν,

185 5837 199 5869 ¹
223 5846 349 5912 “me,
368 5857 582 5908 excutere.

1713 459 1822 531 l7).
1856 459 1967 514 Hoc
1988 475 2171 516 verum
2189 467 2304 527 est;
2335 460 2427 517 sed
2454 476 2620 532 quare
2641 470 2694 518 et
2720 464 2861 521 aliud
2887 481 2992 523 non
3018 470 3281 528 attendis:

1714 554 1879 609 Nemo
1904 557 2036 610 enim
2055 570 2278 624 unquam
2298 572 2500 611 carnem
2521 572 2669 611 suam
2693 558 2812 612 odio
2841 560 3021 622 habet;
3059 563 3147 616 sed
3183 579 3284 632 nu-

1712 648 1794 700 trit
1815 656 1860 701 et
1884 650 2011 718 fovet
2034 663 2160 713 eam,
2206 648 2332 703 sicut
2359 657 2402 701 et
2428 647 2658 702 Christus
2691 648 2970 704 Ecclesium
2993 651 3206 721 (Ep/tes.
3229 670 3283 721 v,

1710 737 1925 808 29)?ln
1978 739 2065 793 illa
2119 739 2287 808 prima
2332 742 2593 795 sententia
2633 756 2792 810 quam
2833 748 3285 813 commemoravi,

1710 831 1859 901 quasi
1903 832 2141 902 quaedam
2198 833 2340 887 lucta
2384 833 2608 889 duorum
2662 835 3001 892 inimicorum
3058 838 3290 906 videtur.

1710 922 1883 978 carnis
1911 932 1964 977 ct
1985 924 2235 993 spiritus;
2260 927 2380 995 quia
2400 943 2522 980 caro
2548 929 2859 1001 concupiscit
2883 929 3291 999 adversusspiri-

1710 1021 1837 1079 tum,
1862 1023 1907 1068 et
1949 1016 2158 1085 spiritus
2198 1018 2438 1072 adversus
2465 1020 2769 1073 carnchn
2803 1019 2903 1075 hac
2944 1031 3121 1076 autem
3166 1008 3294 1079 tan-5

1709 1120 1865 1175 quam
1903 1109 2170 1177 cepuiatio
2198 1110 2490 1181 coniugalis
2515 1128 2528 1164 :
2562 1110 2727 1167 Nemo
2755 1113 2890 1167 enim
2921 1130 3143 1183 unquam
3167 1131 3258 1168 car

1708 1210 1821 1252 rtem
1844 1216 1991 1254 suam
2010 1202 2127 1255 odio
2153 1202 2331 1267 habet;
2371 1204 2460 1258 sed
2485 1204 2640 1259 nutrit
2659 1213 2705 1259 et
2743 1209 2873 1275 fovet
2908 1220 3021 1261 eam
3039 1246 3056 1271 ,
3084 1208 3217 1262 sicut
3240 1218 3290 1263 et

1709 1290 1935 1347 Christus
1956 1293 2254 1349 Ecclesium.
2278 1297 2417 1364 Quid
2437 1312 2567 1368 ergo
2608 1296 2831 1354 facimus
2860 1299 3007 1354 inter
3028 1300 3124 1356 bas
3151 1301 3287 1358 duas

1708 1384 2042 1439 sententias?
2072 1386 2127 1441 Si
2174 1390 2457 1443 contrariae
2506 1399 2669 1457 sunt,
2728 1405 2884 1461 quam
2934 1408 3286 1462 respuemus,

1707 1488 1865 1546 quam
1892 1480 2234 1535 tenebimus?
2259 1480 2367 1537 Sed
2399 1498 2502 1537 non
2529 1490 2654 1538 sunt
2695 1487 2997 1543 contrariae.
3042 1485 3291 1542 intendat

1707 1569 1849 1623 enim
1872 1570 2121 1626 Charitas
2145 1582 2321 1627 vestra
2352 1590 2366 1627 :
2402 1574 2621 1629 interim
2643 1591 2743 1646 ego
2761 1577 2947 1632 ambas
2969 1579 3171 1647 accipio
3190 1619 3204 1644 ,
3233 1585 3292 1635 et

1706 1665 1889 1719 ambas
1912 1666 2208 1721 concordes
2228 1704 2245 1733 ,
2276 1678 2530 1737 quantum
2572 1676 2797 1738 peluem
2826 1709 2841 1735 ,
2884 1670 3286 1727 demonstrabo.

1708 1754 1786 1808 Tu
1815 1763 1992 1810 autem
2020 1756 2259 1826 quisquis
2288 1758 2447 1812 alium
2474 1767 2742 1813 auctorem
2770 1761 2948 1815 cannis
2969 1762 3284 1828 constituis,

1706 1845 1869 1899 alium
1891 1847 2132 1916 spiritus,
2162 1846 2232 1902 de
2253 1847 2339 1901 illa
2370 1848 2495 1918 quid
2522 1850 2636 1918 agis
2655 1849 2680 1901 Ὶ
2703 1848 2867 1903 Nemo
2898 1850 3031 1903 enim
3061 1866 3284 1921 unquam

1706 1953 1907 1991 carnem
1927 1954 2075 1992 suam
2098 1938 2217 1992 odio
2238 1938 2387 1992 habet
2402 1977 2420 2007 ,
2442 1941 2532 1994 sed
2561 1941 2715 1995 nutrit
2738 1950 2786 1995 et
2829 1942 2956 2011 [om
2980 1958 3092 1996 eam
3115 1983 3131 2009 ,
3157 1945 3289 1998 sicut

1706 2026 1932 2082 Clu-istas
1957 2027 2259 2083 Ecclesium.
2285 2028 2381 2083 Vel
2408 2030 2703 2085 similitudo
2725 2047 2833 2086 non
2857 2040 2909 2087 te
2938 2034 3139 2088 terret?
3158 2034 3285 2102 quia

1706 2119 1881 2185 nutrit,
1906 2120 2093 2189 inquit,
2127 2130 2173 2174 et
2196 2124 2325 2191 fouet
2347 2136 2480 2187 «In,
2498 2123 2629 2175 sicut
2654 2132 2698 2175 et
2722 2121 2949 2177 Christus
2982 2122 3284 2178 Ecclesium.

1705 2209 2029 2280 Compedem
2072 2222 2226 2281 putas
2276 2228 2490 2268 carnem
2539 2231 2551 2265 :
2602 2215 2723 2283 quis
2775 2223 2920 2268 amat
2970 2216 3286 2284 compedem

1706 2318 1853 2358 suam
1882 2302 2206 2358 iCarcerem
2232 2312 2385 2373 putas
2412 2320 2630 2359 carnem
2656 2320 2672 2357 :
2695 2306 2813 2374 quis
2841 2314 2987 2360 amat
3014 2320 3288 2361 carcerem

1705 2410 1861 2449 suum
1905 2395 1929 2448 ?
1964 2393 2129 2448 Nemo
2154 2395 2286 2449 enim
2326 2411 2549 2466 unquam
2573 2411 2777 2449 carnem
2801 2412 2947 2450 suam
2976 2396 3092 2450 odio
3118 2397 3285 2450 habet.

1704 2486 1833 2552 Quis
1858 2500 1963 2540 non
1984 2486 2158 2540 oderit
2179 2486 2447 2541 vinculum
2478 2500 2630 2541 suum
2658 2486 2817 2554 ?quis
2842 2501 2945 2541 non
2972 2486 3149 2541 oderit
3170 2501 3287 2555 par-

1704 2591 1826 2631 nam
1847 2577 2045 2631 suam?
2075 2577 2144 2631 Et
2183 2585 2393 2641 tamen,
2425 2576 2590 2631 Nemo
2632 2593 2855 2646 unquam
2898 2593 3101 2630 carnem
3136 2592 3286 2631 sum

1710 2668 1826 2722 odio
1847 2668 2031 2732 habet;
2052 2667 2141 2721 sed
2162 2668 2323 2722 nutrit
2340 2677 2388 2721 et
2416 2671 2547 2738 {ovet
2576 2683 2707 2734 eam,
2730 2669 2860 2721 sicut
2878 2667 3169 2722 «Christus
3185 2667 3287 2721 Ec-

1704 2759 2024 2814 deuiam/fu
2049 2774 2177 2829 ergo
2224 2761 2314 2829 qui
2357 2759 2520 2814 alium
2563 2756 2835 2815 auctorem
2886 2760 3045 2830 ponis
3088 2759 3239 2815 carni
3264 2797 3285 2826 .

1705 2852 1865 2908 alium
1893 2862 2163 2907 auctorem
2185 2853 2418 2922 spiritui,
2446 2852 2609 2907 alium
2630 2854 2901 2923 positurus
2924 2853 3280 2919 esEcclesiaz,

1705 2944 1863 2999 alium
1888 2943 2100 3000 Christo
2130 2961 2143 2997 :
2172 2943 2313 3014 quod
2339 2945 2432 3014 qui
2457 2945 2632 3015 sapit,
2660 2945 2879 3015 desipit.
2933 2945 3113 3015 Diligit
3148 2959 3283 3014 ergo

1706 3037 2067 3107 unusquisque
2092 3052 2309 3093 carnem
2332 3052 2504 3103 suam,
2536 3038 2828 3107 Apostolus
2850 3039 3000 3104 dicit,
3017 3047 3073 3094 et
3093 3047 3287 3108 praeter

1705 3128 1946 3197 Apostoli
1964 3128 2163 3183 dictum
2194 3130 2558 3199 unusquisque
2584 3129 2639 3185 in
2666 3145 2723 3185 se
2747 3130 2955 3200 probat.
2985 3130 3286 3198 Quantum-

1708 3222 1837 3276 libet
1856 3221 2001 3275 enim
2031 3221 2106 3275 sis
2126 3220 2371 3275 domator
2399 3221 2576 3276 carnis
2594 3260 2609 3286 ,
2630 3222 2959 3291 qttantalibet
2982 3222 3036 3277 in
3061 3237 3180 3277 eam
3196 3236 3289 3278 se-

1706 3314 1931 3369 veritate
1956 3314 2285 3378 accendaris,
2315 3315 2496 3368 nescio
2548 3324 2726 3369 utrum
2755 3329 2863 3370 non
2911 3315 3128 3371 claudes
3151 3330 3285 3371 ocu-

1709 3406 1814 3460 lum
1836 3446 1851 3471 ,
1876 3406 1923 3460 si
1951 3406 2143 3475 aliquis
2168 3405 2303 3460 ictus
2332 3406 2628 3461 immineat.

1778 3520 1831 3575 5.
1862 3519 1959 3576 Est
1983 3536 2111 3591 ergo
2136 3521 2287 3591 quasi
2335 3519 2598 3591 quoddam
2629 3520 2931 3591 coniugium
2976 3521 3193 3591 spiritus
3232 3530 3291 3577 et

1708 3614 1901 3670 carnis.
1928 3612 2081 3669 Unde
2101 3630 2228 3684 ergo
2249 3630 2366 3668 caro
2391 3615 2696 3685 concupiscit
2744 3614 2982 3668 adversus
3024 3613 3282 3685 spiritum,

1711 3719 1756 3764 et
1783 3708 1987 3780 Spiritus
2007 3708 2244 3762 adversus
2268 3725 2469 3762 carnem
2488 3707 2513 3762 τ
2534 3708 2672 3763 unde
2702 3708 2803 3762 ista
2831 3722 3006 3777 pmna,
3032 3722 3149 3778 qua:
3187 3706 3291 3761 du-

1710 3809 1793 3857 cta
1842 3811 1923 3856 est
1969 3800 2040 3855 de
2092 3801 2276 3855 mortis
2323 3800 2614 3871 propagine
2655 3798 2865 3856 iUnde
2912 3799 3114 3854 dictum
3152 3808 3236 3855 est
3269 3842 3285 3867 ,

1716 3893 1899 3947 Omnes
1928 3895 1980 3946 in
2008 3893 2169 3945 Adam
2204 3894 2490 3947 moriuntur
2533 3892 2574 3965 (l
2596 3891 2713 3946 Car.
2748 3908 2838 3957 xv,
2864 3890 2957 3962 2‘2)
2997 3892 3019 3943 ’ἔ
3048 3898 3103 3945 et
3151 3891 3294 3948 unde

1713 3983 1837 4038 dicit
1869 3982 2183 4053 Apostolus,
2216 3981 2432 4036 Fuimus
2456 3982 2731 4052 aliquando
2757 3991 2803 4036 et
2830 3996 2923 4035 nos
2962 3990 3155 4034 natura
3197 3982 3294 4049 filii

1711 4075 1822 4141 ira,
1850 4075 1979 4128 sicut
2002 4083 2047 4128 et
2066 4072 2480 4144 cwtcri(Ephes.
2512 4088 2571 4137 tt,
2600 4070 2654 4143 3)
2680 4071 2705 4123 τ
2750 4072 2971 4142 Accepit
3012 4072 3156 4126 enim
3200 4070 3294 4126 ille

1711 4166 1999 4221 vindictam
2028 4167 2231 4228 mortis,
2262 4166 2329 4221 de
2370 4180 2474 4235 quo
2506 4164 2613 4218 nati
2643 4178 2825 4219 sumus
2850 4207 2866 4231 ,
2921 4172 2976 4219 et
3028 4163 3293 4219 trahimus

1714 4256 1855 4328 quod
1881 4258 2192 4312 vincamus:
2216 4266 2271 4311 et
2299 4256 2419 4311 ideo
2444 4255 2869 4325 concupiscimus
2893 4254 3150 4310 adversus
3172 4269 3293 4309 car-

1716 4365 1860 4413 nem,
1889 4357 1948 4403 ut
1974 4347 2129 4403 nobis
2150 4348 2404 4402 domitam
2434 4361 2648 4402 carnem
2683 4346 3028 4415 subiiciamus
3051 4388 3065 4413 ,
3089 4354 3144 4401 et
3172 4360 3295 4401 eam

1716 4440 1782 4495 ad
1808 4437 2160 4495 obedientium
2183 4438 2536 4494 attrahamus.
2580 4437 2845 4507 Numquid
2872 4453 2999 4507 ergo
3047 4436 3256 4491 odimus
3277 4477 3293 4505 ,

1717 4547 1873 4603 quam
1903 4532 2058 4587 nobis
2089 4516 2334 4602 cupimus
2354 4530 2571 4586 obedire
2599 4532 2622 4584 ?
2655 4530 2753 4584 Dat
2778 4530 3143 4598 unusquisque
3163 4537 3216 4583 et
3242 4529 3295 4583 in

1717 4623 1877 4678 domo
1926 4638 2019 4680 sua
2070 4624 2384 4693 plerumque
2424 4622 2757 4691 disciplinam
2800 4621 3011 4691 coniugi
3056 4635 3203 4685 suae;
3240 4628 3297 4675 et

1719 4728 1834 4770 eam
1856 4714 2107 4785 subjugat
2123 4716 2441 4769 renitentem
2465 4756 2479 4777 ,
2508 4730 2612 4768 non
2646 4714 2984 4782 persequitur
3013 4712 3294 4767 inimicen-

1720 4816 1850 4862 tem.
1882 4806 2074 4863 Filium
2118 4816 2264 4861 tuum
2310 4806 2525 4871 domas,
2554 4815 2612 4859 ut
2640 4802 2732 4857 tibi
2759 4804 3006 4858 obediat:
3036 4805 3292 4874 numquid

1720 4899 1879 4955 odisti
1907 4898 1929 4951 ’ἒ
1954 4897 2209 4967 numquid
2233 4897 2456 4965 deputas
2482 4896 2755 4949 inimicum
2786 4894 2809 4946 ?
2834 4893 3059 4949 Servum
3088 4906 3296 4964 postre-

1721 5006 1809 5047 mo
1832 5000 1976 5045 tuum
1998 4989 2172 5059 diligis
2197 4998 2251 5044 et
2272 4989 2515 5057 castigas,
2545 4995 2598 5041 ct
2628 4987 2679 5039 in
2706 4986 3015 5057 castigando
3041 4986 3301 5041 obedien-

1723 5094 1827 5141 tem
1857 5083 2010 5138 iacis.
2056 5080 2229 5135 Habes
2253 5080 2322 5135 de
2350 5079 2449 5134 hac
2496 5094 2557 5134 re
2583 5079 2752 5149 ipsius
2801 5079 3043 5149 Apostoli
3082 5078 3302 5132 mile-

1723 5184 1856 5232 stam
1882 5175 2199 5244 plenamque
2218 5170 2572 5225 sententiam:
2605 5168 2725 5223 Non
2753 5171 2824 5225 sic
2869 5184 3052 5236 curm,
3090 5167 3261 5236 inquit
3280 5206 3297 5233 ,

1726 5278 1962 5336 tanquam
1979 5266 2034 5318 in
2052 5264 2320 5326 incertum;
2345 5278 2448 5315 non
2472 5262 2547 5315 sic
2570 5260 2813 5331 pugillor,
2842 5261 2990 5327 quasi
3008 5275 3171 5313 aerem
3196 5272 3297 5310 ατ-

1728 5360 1849 5413 dens
1871 5374 1888 5411 :
1910 5356 1998 5411 sed
2030 5355 2220 5425 castigo
2248 5362 2432 5424 caput
2452 5368 2637 5419 meum,
2662 5361 2707 5406 et
2727 5353 2779 5405 in
2799 5355 3082 5406 seruitutem
3100 5348 3303 5415 redigo;

1728 5466 1789 5506 ne
1812 5455 1940 5524 forte
1952 5449 2072 5503 aliis
2100 5448 2402 5517 prmdicm,
2446 5446 2557 5516 ipse
2593 5445 2837 5515 reprobus
2858 5442 3085 5497 inveniar
3108 5440 3152 5508 (l
3172 5437 3296 5493 Cor.

1728 5558 1802 5609 ιχ,
1831 5541 1901 5597 ἢ
1928 5548 1976 5595 et
2000 5539 2119 5611 27).
2148 5539 2319 5594 Habet
2345 5550 2474 5609 ergo
2496 5551 2626 5591 caro
2648 5551 2715 5590 ex
2741 5532 3040 5588 conditione
3074 5527 3298 5587 mortali

1729 5635 1878 5706 quasi
1893 5632 2155 5703 quosdam
2174 5629 2692 5699 terrenosrappetitus
2707 5638 2832 5679 suos
2863 5640 2877 5677 :
2901 5623 2954 5676 in
2968 5619 3069 5675 hos
3099 5620 3191 5675 tibi
3209 5620 3297 5691 ins

1729 5731 1862 5788 freni
1878 5740 2194 5785 concessum
2224 5733 2323 5780 est.
2355 5723 2524 5792 negat
2549 5728 2601 5774 te
2624 5715 2963 5788 praepositus,
2986 5721 3046 5769 ut
3080 5712 3245 5783 possit
3271 5729 3303 5769 a

1504 5884 1547 5903 ,ν
1733 5836 1785 5884 te
1807 5825 1918 5896 regi
1944 5814 2399 5894 subiectusutnﬁ's
2434 5822 2486 5871 te
2516 5819 2606 5869 est
2640 5822 2772 5867 caro
2796 5816 2910 5881 tua,
2951 5819 3117 5877 sum
3140 5812 3198 5864 te
3220 5811 3311 5868 est
