3860 6284
555 342 653 398 711

554 455 696 510 Dens
724 461 848 508 tuus
889 466 904 507 :
935 463 1058 506 cum
1082 446 1164 505 vis
1192 455 1250 503 ut
1280 445 1484 503 serviat
1506 445 1597 505 tibi
1625 459 1752 502 caro
1779 453 1866 500 tua
1885 485 1901 512 ,
1947 444 2133 500 admo-

506 552 511 559 '
553 546 698 602 neris
721 542 990 616 quomodo
1017 550 1070 598 tc
1094 547 1340 612 oporteat
1364 539 1572 596 servire
1597 539 1708 593 Deo
1746 545 1858 592 tuo.
1889 535 2135 592 Attendis

553 637 698 710 quod
725 637 825 692 sub
845 645 896 692 te
920 644 1002 691 est
1025 676 1040 703 ,
1073 633 1288 690 attende
1311 640 1366 690 et
1392 632 1535 704 quod
1573 645 1734 701 supra
1764 638 1817 684 te
1836 636 1938 684 est.
1966 627 2136 698 Leges

556 732 610 786 in
641 729 946 786 inferiorem
962 743 1070 784 non
1087 727 1280 793 habes,
1313 725 1415 782 nisi
1443 739 1473 779 a
1500 723 1796 790 superiore.
1827 721 2025 778 Servus
2051 735 2132 788 es,

555 837 771 879 servum
788 821 960 886 habes
990 837 1004 874 :
1037 819 1132 875 sed
1156 819 1411 873 Dominus
1436 816 1571 872 duos
1596 830 1782 871 servos
1803 814 1982 870 habet.
2012 812 2139 870 Ser-

556 933 655 974 vus
675 927 798 973 tuus
817 917 937 988 plus
965 914 1122 970 estin
1149 919 1413 984 potestate
1455 910 1668 966 Domini
1708 909 1826 975 tui,
1869 923 2028 980 quam
2081 906 2138 961 in

557 1017 668 1064 tua.
714 1007 899 1077 Itaque
942 1005 1022 1059 vis
1070 1003 1164 1058 tibi
1228 1000 1433 1058 obediri
1481 1015 1512 1055 a
1550 1015 1744 1065 carne;
1791 997 2046 1069 numquid
2082 997 2138 1052 in

557 1099 806 1156 omnibus
834 1097 1049 1169 potest?
1068 1095 1390 1152 Ιιιόῐῐιιιὶιιιιε
1405 1094 1738 1165 obtemperat
1759 1094 1986 1149 Domino
2008 1101 2136 1159 tuo;

555 1207 664 1248 non
690 1192 744 1246 in
782 1189 1028 1245 omnibus
1070 1188 1405 1259 obtemperat
1431 1186 1548 1241 tibi.
1577 1185 1856 1254 Quomodo
1875 1227 1888 1251 ,
1917 1183 2137 1254 inquis?

557 1280 828 1346 Ambulas,
845 1279 1008 1350 pedes
1033 1293 1237 1344 moves,
1262 1277 1502 1347 sequitur
1535 1294 1548 1330 :
1577 1274 1673 1332 sed
1690 1273 1945 1344 numquid
1971 1288 2139 1344 quan-

556 1380 669 1426 tum
681 1372 760 1428 vis
781 1371 874 1426 ibit
890 1379 1065 1426 tecum
1093 1368 1412 1424 ?Animatur
1431 1383 1462 1422 a
1501 1376 1584 1434 te,
1612 1365 1866 1436 numquid
1888 1364 2139 1436 quamdiu

554 1463 669 1521 vis?
683 1461 935 1533 numquid
952 1460 1166 1532 quando
1181 1460 1284 1526 vis,
1303 1459 1491 1515 doles?
1505 1457 1718 1529 quando
1737 1456 1837 1524 vis,
1859 1469 2022 1512 sanus
2041 1471 2100 1511 es
2114 1456 2138 1510 ‘I

552 1556 790 1613 Exercet
804 1557 945 1611 enim
976 1565 1029 1610 te
1041 1554 1349 1625 plerumque
1372 1551 1630 1607 Dominus
1655 1558 1778 1604 tuus
1803 1564 1896 1619 per
1920 1562 2138 1604 servum

555 1658 746 1716 tuum;
795 1657 855 1705 ut
899 1648 1026 1719 quia
1073 1646 1216 1702 fuisti
1256 1644 1470 1701 Domini
1497 1651 1855 1714 contemptor,
1883 1641 2140 1697 merearis

556 1740 829 1797 emendari
856 1755 953 1811 per
979 1753 1216 1796 servum.

625 1831 852 1888 CAPUT
889 1831 948 1886 ν.
975 1859 1047 1871 -
1079 1830 1133 1885 6.
1177 1827 1456 1882 Delectatio
1484 1826 1652 1881 carnis
1678 1826 1996 1894 aliquantum
2023 1833 2073 1880 et
2105 1841 2139 1878 a

555 1927 706 1980 licitis
730 1922 1055 1996 refrenanda.
1087 1920 1357 1992 Jejunium
1395 1928 1620 1974 nostrum
1670 1919 1771 1987 ﬁne
1816 1917 2067 1972 diuersum
2106 1933 2140 1970 a

552 2017 752 2089 jejunio
780 2014 1134 2086 Paganorum,
1160 2011 1462 2066 Judwarum
1486 2019 1533 2065 et
1553 2011 1922 2065 haereticorum.
1953 2008 2136 2062 licere-

556 2108 670 2162 ticis
695 2116 748 2160 ut
767 2106 1024 2176 jejunium
1048 2103 1206 2175 prosit
1230 2101 1543 2156 redeundum
1585 2101 1654 2154 ad
1687 2099 1992 2156 Ecclesium.
2025 2098 2134 2154 Sed

556 2198 623 2253 ad
653 2208 703 2253 te
726 2196 854 2266 quid
910 2195 1182 2267 pertinet?
1205 2193 1623 2250 Delectationem
1675 2193 1851 2248 carnis
1908 2207 2015 2247 non
2046 2206 2136 2246 re-

556 2292 741 2348 laxare
769 2305 936 2361 usque
981 2289 1048 2345 ad
1079 2288 1282 2355 illicita,
1313 2287 1640 2356 aliquantum
1671 2293 1725 2340 et
1765 2301 1798 2340 a
1850 2285 2008 2340 licitis
2045 2299 2136 2340 re-

558 2383 806 2438 fraenare.
863 2381 963 2449 Qui
1009 2380 1150 2435 enim
1193 2394 1223 2433 a
1281 2379 1440 2432 nullis
1489 2377 1735 2434 refraenat
1779 2376 1957 2443 licitis,
2003 2375 2136 2432 vici-

552 2489 656 2530 nus
679 2482 762 2530 est
786 2481 842 2529 et
868 2472 1083 2527 illicitis.
1114 2470 1365 2535 Proinde,
1394 2470 1587 2525 fratres
1611 2510 1626 2536 ,
1657 2469 1855 2524 licitum
1899 2477 1983 2524 est
2007 2484 2136 2524 con-

548 2566 777 2637 jugium,
807 2564 1047 2618 illicitum
1077 2571 1158 2617 est
1177 2561 1526 2626 adulterium;
1551 2570 1604 2617 et
1629 2569 1806 2616 tamen
1826 2568 2134 2630 temperan-

550 2664 632 2712 tes
658 2656 779 2723 viri,
802 2663 861 2710 ut
887 2655 1042 2725 longe
1066 2654 1172 2708 sint
1194 2653 1262 2707 ab
1286 2652 1471 2707 illicito
1486 2651 1768 2718 adulterio,
1790 2650 2061 2706 refrenant
2075 2665 2134 2706 se

549 2747 876 2818 aliquantum
891 2755 946 2802 et
963 2761 992 2800 a
1011 2746 1154 2801 licito
1175 2744 1442 2816 conjugio.
1465 2744 1634 2799 Licita
1650 2753 1733 2799 est
1751 2744 1974 2799 satietas
1989 2785 2005 2811 ,
2028 2743 2134 2797 illi-

547 2840 656 2896 cita
682 2848 765 2896 est
783 2838 1097 2896 ebriositas:
1132 2847 1306 2893 tamen
1333 2837 1562 2893 modesti
1600 2837 1866 2903 homines,
1889 2848 1946 2892 ut
1974 2837 2133 2908 longe

548 2949 609 2990 se
634 2933 830 2989 faciant
855 2950 882 2987 a
915 2932 1239 3002 turpitudine
1285 2932 1558 2988 ebrietatis
1582 2974 1596 2999 ,
1645 2932 1904 3002 castigant
1934 2946 1993 2986 se
2030 2931 2130 2985 ali-

547 3033 808 3095 quantum
844 3032 900 3080 et
941 3040 974 3079 a
1001 3024 1246 3079 libertate
1276 3022 1554 3078 satietatis.
1597 3021 1672 3077 Ita
1719 3037 1849 3092 ergo
1880 3036 2128 3092 agamus,

545 3116 762 3184 fratres,
792 3126 1183 3186 temperemus;
1203 3113 1414 3185 etquod
1437 3113 1661 3169 facimus
1680 3156 1696 3181 ,
1721 3114 1950 3168 sciamus
1965 3127 2131 3184 quare

545 3206 1111 3265 faciamus.Cessando
1134 3222 1164 3262 a
1185 3206 1366 3262 laetitia
1397 3205 1597 3274 carnis,
1628 3205 1917 3277 acquiritur
1946 3205 2131 3262 laetitia

545 3300 763 3356 mentis.

617 3392 672 3445 7.
705 3390 935 3446 Proinde
962 3391 1084 3446 ﬁnis
1111 3389 1265 3445 nobis
1310 3389 1636 3460 jejuniorum
1684 3400 2019 3456 nostrorum,
2060 3389 2129 3445 ad

544 3483 648 3538 iter
673 3491 912 3536 nostrum
944 3501 957 3534 :
988 3480 1115 3552 quid
1135 3482 1205 3536 sit
1240 3481 1414 3550 ipsum
1437 3481 1557 3546 iter,
1599 3491 1653 3535 et
1677 3496 1782 3549 quo
1813 3480 2125 3548 tendamus,

544 3573 648 3628 hoc
673 3571 1117 3628 considerandum
1147 3579 1249 3627 est.
1302 3571 1539 3642 Namque
1565 3580 1618 3626 et
1648 3570 1843 3641 Pagani
1885 3571 2129 3642 jejunant

546 3664 854 3734 aliquando,
885 3679 986 3719 nec
1013 3665 1284 3734 regionem
1336 3678 1442 3734 quo
1493 3663 1759 3718 tendimus
1810 3674 2040 3718 norunt:
2073 3673 2129 3720 et

547 3755 718 3812 Judaei
742 3755 1300 3826 jejunantaliquando,
1320 3765 1374 3810 et
1399 3755 1536 3810 viam
1567 3758 1620 3809 in
1645 3771 1746 3825 qua
1767 3756 2123 3825 ambulamus,

546 3866 654 3906 non
679 3849 1394 3922 apprehenderunt.Taleest
1422 3848 1543 3916 hoc,
1571 3863 1633 3902 ac
1652 3848 1696 3902 si
1716 3849 1906 3917 aliquis
1929 3865 2124 3918 equum

541 3942 743 4008 domet,
768 3942 823 3997 in
849 3957 954 4013 quo
986 3949 1150 3997 erret.
1181 3940 1428 4010 Jejnnant
1458 3939 1728 3994 haeretici:
1761 3940 1916 3995 video
1940 3942 2124 4010 quales

543 4045 702 4103 eant;
733 4035 1002 4106 interrogo
1026 4050 1131 4104 quo
1156 4041 1279 4088 eant
1297 4032 1320 4086 ?
1336 4031 1618 4102 Jejunatis,
1641 4041 1698 4086 ut
1723 4033 1806 4087 cui
1835 4033 2124 4102 placeatis?

540 4129 670 4195 Deo,
702 4127 964 4197 inquiunt.
984 4125 1194 4190 Munus,
1212 4124 1433 4196 putatis,
1456 4124 1684 4193 accipit?
1705 4122 1809 4178 Sed
1830 4124 1976 4193 prius
2004 4123 2124 4180 vide

541 4219 670 4291 quid
695 4219 827 4274 dicit
851 4237 864 4273 :
895 4217 1144 4290 Relinque
1163 4233 1367 4283 munus,
1395 4224 1441 4268 et
1470 4214 1614 4281 vade,
1642 4216 1779 4284 prius
1800 4215 2125 4271 reconciliare

542 4315 692 4383 fratri
713 4321 800 4366 tuo
828 4309 1037 4380 (Matth.
1063 4324 1120 4375 v,
1147 4309 1265 4378 24).
1291 4307 1552 4377 Numquid
1593 4307 1828 4362 membra
1861 4315 1948 4361 tua
1977 4316 2124 4363 recte

538 4405 747 4470 domas,
774 4403 864 4474 qui
889 4401 1084 4457 Christi
1107 4401 1345 4455 membra
1365 4399 1636 4454 dilanias?
1660 4399 1895 4464 Auditur,
1921 4400 2113 4470 inquit,

536 4496 591 4549 in
615 4495 835 4550 clamore
854 4510 949 4549 vox
969 4501 1159 4557 vestra;
1184 4499 1231 4546 et
1260 4508 1344 4545 eos
1357 4491 1443 4560 qui
1459 4489 1549 4544 sub
1554 4492 1682 4560 jugo
1701 4498 1861 4544 vestro
1880 4501 2016 4558 sunt,
2029 4491 2122 4544 sti-

537 4586 742 4640 mulatis
762 4597 809 4640 et
833 4586 1024 4640 auditis
1047 4585 1252 4655 pugnis.
1284 4581 1407 4636 Non
1428 4582 1528 4636 tale
1538 4582 1795 4652 jejunium
1823 4582 1968 4652 elegi,
1998 4583 2120 4638 dicit

538 4675 788 4731 Dominus
818 4675 971 4748 (Isai.
1002 4691 1148 4742 Lvni,
1177 4675 1276 4729 ἀει
1294 4674 1370 4744 5).
1401 4672 1796 4743 lmprobaretur
1822 4688 1948 4741 ergo
1984 4673 2122 4744 jeju-

540 4770 685 4824 nium
714 4779 883 4835 tuum,
907 4769 952 4824 si
983 4767 1386 4823 immoderatius
1408 4781 1628 4821 severus
1648 4766 1907 4821 existeres
1927 4765 1980 4820 in
2006 4781 2120 4822 ser-

539 4877 663 4916 vum
691 4870 838 4917 tuum
863 4879 875 4914 ;
904 4861 1283 4932 approbabitur
1323 4860 1585 4931 jejunium
1629 4868 1775 4914 tuum
1803 4901 1818 4926 ,
1847 4876 1966 4915 cum
2011 4875 2119 4916 non

546 4957 793 5028 agnoscis
835 4957 1048 5012 lratrem
1078 4958 1269 5012 tuum?
1298 4956 1415 5012 Non
1454 4971 1554 5026 ego
1597 4970 1779 5025 quaero
1808 4970 1838 5010 a
1863 4970 1970 5026 quo
1998 4956 2118 5013 cibo

535 5049 825 5112 abstineas,
851 5049 944 5103 sed
970 5064 1128 5118 quem
1158 5049 1334 5104 cibum
1362 5049 1574 5118 diligas.
1594 5049 1687 5103 Dic
1713 5048 1840 5103 mihi
1858 5064 2016 5118 quem
2036 5048 2116 5104 ci-

538 5140 665 5196 bum
689 5140 906 5211 diligas,
940 5147 999 5192 ut
1019 5140 1307 5209 approbem
1333 5140 1473 5210 quod
1509 5140 1576 5195 ab
1604 5141 1705 5195 isto
1733 5142 1852 5196 cibo
1877 5148 1930 5196 te
1949 5140 2115 5198 absti-

537 5247 687 5288 neas.
715 5231 896 5303 Diligis
913 5231 1217 5301 justitiam?
1248 5231 1407 5286 Forte
1427 5273 1441 5296 ,
1472 5231 1648 5302 inquis
1667 5274 1682 5299 ,
1715 5233 1898 5304 diligo.
1932 5235 2114 5304 Appa-

534 5337 653 5386 reat
677 5342 806 5400 ergo
827 5327 1033 5398 justitia
1058 5335 1169 5381 tua.
1198 5326 1334 5381 Puto
1357 5327 1499 5381 enim
1520 5327 1721 5396 justum
1750 5343 1869 5385 esse
1894 5337 1952 5384 ut
2002 5343 2113 5383 ma-

533 5422 634 5495 jori
663 5422 863 5478 servias
890 5463 904 5488 ,
928 5435 1033 5491 quo
1055 5418 1150 5475 tibi
1196 5419 1372 5473 minor
1420 5417 1770 5490 obtemperet.
1828 5421 1905 5476 De
1951 5434 2114 5475 carne

535 5514 676 5570 enim
700 5512 1086 5584 loquebamur,
1127 5526 1246 5582 quae
1271 5509 1446 5566 minor
1473 5519 1738 5582 estquam
1779 5512 2026 5584 spiritus,
2059 5520 2114 5568 et

533 5622 651 5678 qua:
675 5605 939 5662 domanda
965 5621 1029 5661 ac
1058 5602 1385 5660 moderanda
1421 5604 1660 5676 subjecta
1689 5615 1790 5663 est.
1833 5605 1963 5676 Agis
1989 5619 2110 5660 cum

535 5712 593 5753 ea
623 5706 682 5752 ut
709 5697 1041 5768 obtemperet
1070 5697 1296 5766 tibget
1332 5696 1600 5753 subtrahis
1643 5699 1691 5754 ei
1731 5700 1934 5765 cibum,
1967 5697 2110 5769 quod
2151 5695 2167 5711 '

535 5801 680 5842 ames
703 5788 992 5856 subjectam
1023 5789 1118 5844 tibi
1149 5807 1163 5844 :
1189 5803 1418 5860 agnosce
1439 5789 1703 5860 majorem
1722 5832 1739 5860 ,
1771 5806 2000 5862 agnosce
2021 5807 2110 5846 su-

1776 331 1835 389 S.
1873 327 2244 390 AUGUSTINI
2280 330 2578 390 EPISCOPI
3654 341 3732 402 ιιι

2243 447 2530 516 periorem,
2560 453 2620 500 ut
2650 443 2745 500 tibi
2770 452 2917 501 recte
2935 443 3090 502 cedat
3116 445 3352 504 inferior.

2318 538 2542 594 CAPUT
2573 537 2658 594 Vl.
2693 568 2765 578 —
2787 537 3069 593 Concordia
3108 539 3436 610 membrorum
3472 546 3660 613 corporis
3685 549 3732 606 ad

2243 631 2486 685 unitatem
2507 647 2592 685 eos
2619 638 2843 684 reuocat.
2868 629 3006 699 Quid
3026 670 3041 697 ,
3069 630 3118 686 si
3142 645 3268 686 caro
3291 638 3379 686 tua
3403 631 3565 688 obedit
3587 635 3684 703 tibi,
3703 650 3738 695 et

2244 730 2301 776 ιιι
2320 736 2428 777 non
2451 720 2636 777 obedis
2657 721 2770 777 Deo
2800 729 2892 777 tuo
2917 721 2940 776 l
2965 735 3142 778 nonne
3169 721 3237 777 ab
3250 722 3363 792 ipsa
3390 722 3643 795 damnaris,
3655 743 3738 785 cum

2245 812 2341 866 tibi
2367 811 2746 882 obtemperat?
2774 810 2962 868 Nonne
2983 811 3396 883 obtemperando
3424 813 3529 880 tibi,
3553 826 3742 874 contrita

2244 902 2374 958 dicit
2399 904 2762 960 testimonium
2781 904 2805 958 ‘l

2313 993 2367 1049 8.
2399 994 2466 1049 Et
2489 994 2575 1048 cui
2593 1036 2608 1061 ,
2632 994 2824 1064 inquit,
2850 993 3040 1066 majori
3067 995 3465 1067 obtemperem?
3491 998 3610 1055 Ecce
3637 1000 3746 1057 Chri-

2245 1093 2360 1140 stus
2388 1085 2622 1156 loquitur
2641 1128 2657 1154 ,
2675 1085 2896 1156 justitia:
2923 1094 3215 1142 amatorem
3246 1096 3299 1143 te
3317 1087 3553 1144 dixeras:
3581 1089 3746 1145 Maudio

2246 1187 2354 1232 tum
2381 1194 2562 1232 novum
2588 1179 2654 1234 do
2673 1179 2830 1248 vobis,
2858 1188 2914 1234 ut
2932 1196 3019 1234 vos
3037 1179 3250 1234 invicem
3269 1180 3488 1251 diligatis
3503 1181 3653 1253 (Joan.
3669 1201 3746 1252 xui,

2245 1271 2360 1343 54).
2393 1271 2533 1327 Audi
2551 1287 2680 1344 ergo
2707 1272 2992 1328 Dominum
3019 1282 3166 1328 tuum
3189 1274 3492 1329 mandatum
3507 1274 3697 1345 dantem,
3711 1287 3750 1332 ut

2246 1379 2346 1420 nos
2375 1364 2603 1420 invicem
2641 1364 2946 1437 diligamus.
2974 1365 3110 1422 Cum
3133 1383 3202 1422 ex
3233 1365 3391 1423 nobis
3430 1368 3649 1424 omnibus
3669 1379 3751 1428 ιιι·

2244 1472 2403 1528 quam
2446 1456 2704 1513 membris
2750 1471 2949 1528 corpus
2974 1458 3074 1514 sibi
3105 1456 3301 1526 faciat,
3331 1459 3473 1530 quod
3505 1461 3750 1531 corpusln-
3837 1485 3847 1538 ἵς

2245 1546 2370 1604 beat
2388 1564 2551 1603 unum
2577 1557 2738 1619 caput
2761 1548 2935 1618 ipsum
2968 1548 3254 1604 Dominum
3282 1560 3338 1605 et
3355 1549 3682 1618 Salvatorem;
3717 1563 3753 1608 tu

2243 1651 2431 1696 contra
2459 1640 2669 1696 divellis
2699 1650 2750 1696 te
2794 1655 2825 1696 a
2850 1641 3104 1697 membris
3139 1641 3340 1698 Christi
3357 1682 3374 1709 ,
3402 1657 3505 1699 non
3527 1659 3653 1699 amas
3669 1648 3753 1701 uni-
3829 1640 3839 1722 1

2244 1740 2428 1788 tatem.
2479 1732 2594 1788 Non
2639 1733 2741 1789 hoc
2769 1747 3152 1802 expavesceres
3200 1733 3254 1788 in
3306 1733 3556 1791 membris
3582 1737 3694 1792 tuis?
3717 1737 3754 1793 Si
3827 1723 3839 1792 ἓ

2243 1822 2529 1878 distortum
2557 1822 2782 1894 digitum
2809 1823 3034 1880 haberes
3053 1866 3069 1891 ,
3115 1839 3222 1879 non
3262 1823 3333 1878 ad
3363 1834 3684 1881 correctorem
3702 1827 3756 1882 di-
3827 1853 3836 1898 ,-

2243 1915 2336 1986 giti
2364 1916 2438 1970 tui
2465 1915 2730 1971 medicum
2756 1915 3043 1971 curreres?
3067 1915 3223 1972 Certe
3250 1924 3381 1972 tunc
3407 1931 3465 1972 se
3491 1916 3633 1973 habet
3662 1919 3756 1975 bene

2243 2021 2437 2077 corpus
2465 2015 2614 2062 tuum
2637 2049 2653 2075 ,
2695 2007 2909 2078 quando
2946 2007 3048 2063 sibi
3071 2007 3402 2064 concordant
3431 2009 3644 2064 membra
3665 2018 3754 2064 tua:
3846 2065 3847 2068 η

2243 2107 2370 2154 tunc
2395 2097 2588 2154 diceris
2620 2112 2784 2154 sanus
2802 2139 2818 2166 ,
2851 2106 2978 2154 tunc
2996 2097 3134 2154 bene
3154 2098 3324 2156 vales.
3347 2098 3405 2154 Si
3431 2107 3596 2156 autem
3614 2100 3756 2171 aliquid
3827 2111 3847 2156 ’ξ

2242 2188 2296 2243 in
2339 2198 2429 2245 tuo
2475 2204 2698 2260 corpore
2726 2189 3009 2245 dissentiat
3053 2189 3122 2245 ab
3163 2191 3283 2246 aliis
3309 2191 3574 2262 partibus,
3617 2193 3757 2263 quieris
3831 2223 3834 2230 -

2243 2285 2332 2355 qui
2380 2283 2648 2340 emendet.
2705 2282 2812 2338 Cur
2839 2298 2968 2354 ergo
3017 2297 3124 2338 non
3161 2284 3364 2354 qumris
3418 2283 3687 2352 emendari,
3721 2295 3758 2339 ut

2241 2376 2540 2448 compagini
2593 2376 2955 2432 membrorum
3005 2375 3204 2432 Christi
3248 2378 3537 2446 revoceris,
3579 2386 3628 2434 et
3665 2392 3756 2438 οων
3826 2399 3836 2448 ;

2240 2485 2400 2540 gruas
2441 2470 2494 2524 in
2543 2469 2658 2540 ipso
2699 2483 2928 2540 corpore
2969 2477 3023 2524 et
3070 2469 3203 2524 tuo?
3258 2469 3422 2526 Certe
3448 2471 3643 2527 viliores
3673 2480 3757 2526 sunt
3827 2496 3847 2552 ξι

2239 2561 2450 2618 caeteris
2493 2561 2750 2617 membris
2794 2561 2970 2631 capilli
3013 2562 3127 2616 tui?
3177 2563 3306 2633 quid
3336 2564 3490 2620 vilius
3509 2564 3556 2619 in
3593 2579 3757 2634 corpore
3825 2587 3847 2630 -ςη

2239 2665 2330 2711 ιιιο
2355 2655 2561 2726 capillis
2581 2654 2725 2710 tuis?
2753 2653 2879 2725 quid
2903 2654 3261 2724 contemptius
3281 2655 3307 2707 ?
3347 2655 3473 2726 quid
3519 2654 3757 2726 abiectius?
3825 2699 3832 2710 .

2238 2748 2306 2802 Et
2353 2757 2530 2803 tamen
2581 2747 2628 2801 si
2677 2746 2816 2802 male
2862 2755 2914 2800 te
2963 2745 3216 2811 tondeat,
3274 2747 3522 2803 irasceris
3565 2747 3750 2812 tonsori,
3825 2755 3832 2828 ξ

2238 2840 2364 2910 quia
2388 2839 2444 2893 in
2469 2837 2675 2908 capillis
2706 2838 2812 2892 tuis
2833 2851 2943 2892 non
2965 2845 3146 2892 servat
3169 2839 3528 2908 aequalitatem
3559 2855 3572 2893 :
3598 2847 3644 2895 et
3663 2847 3702 2893 tu
3722 2838 3757 2892 in
3825 2839 3832 2908 ξ

2238 2931 2498 2989 membris
2521 2930 2721 2986 Christi
2740 2945 2844 2986 non
2872 2940 3022 2986 tenes
3042 2931 3348 2986 unitatem?
3373 2932 3507 3001 Quid
3527 2942 3634 2988 sunt
3653 2947 3754 3002 ergo,

2237 3035 2329 3080 aut
2353 3025 2439 3081 cui
2469 3025 2549 3080 rei
2567 3035 2792 3095 prosunt
2810 3023 3013 3094 jejunia
3044 3024 3176 3079 tua?
3205 3023 3491 3097 Indignum
3516 3027 3660 3082 Deum
3691 3041 3756 3096 pu-
3827 3017 3832 3022 ’

2236 3124 2351 3183 tas,
2382 3116 2467 3172 cui
2495 3117 2562 3171 ab
2585 3116 2832 3171 omnibus
2863 3115 2955 3186 qui
3002 3115 3057 3170 in
3087 3131 3211 3170 eum
3239 3115 3498 3184 credunt,
3527 3117 3578 3173 in
3612 3117 3757 3171 unitate

2235 3211 2540 3267 serviatur:
2570 3217 2625 3265 et
2651 3218 2830 3266 tamen
2855 3209 2938 3264 vis
2977 3209 3030 3264 in
3058 3209 3322 3266 membris
3353 3211 3459 3266 tuis
3477 3251 3491 3276 ,
3516 3209 3565 3265 in
3588 3221 3757 3278 corpore

2236 3311 2348 3370 tuo,
2364 3302 2416 3355 in
2433 3301 2641 3372 capillis
2660 3301 2766 3356 tuis
2782 3301 3035 3356 unitatem
3053 3300 3276 3356 servari.
3297 3301 3597 3372 Loquuntur
3609 3300 3756 3354 viscera

2233 3401 2346 3460 tua,
2365 3391 2604 3447 membra
2634 3399 2720 3446 tua
2741 3399 2927 3447 contra
2949 3400 3001 3446 te
3024 3390 3206 3446 dicunt
3226 3405 3417 3448 verum
3441 3389 3756 3456 testimonium,

2233 3493 2288 3541 et
2313 3493 2366 3540 tu
2396 3483 2589 3539 falsum
2614 3493 2799 3540 contra
2825 3484 3063 3540 membra
3085 3483 3331 3540 Christi?

2304 3575 2357 3632 9.
2393 3575 2706 3632 Discrevisti
2734 3584 2787 3631 te
2810 3590 2839 3630 a
2865 3575 3067 3646 jejunio
3095 3575 3481 3647 Paganorum?
3508 3576 3608 3632 lloc
3628 3582 3754 3646 putas,

2232 3677 2286 3723 et
2338 3667 2459 3722 ideo
2509 3681 2728 3723 securus
2776 3668 2873 3723 tibi
2926 3667 3143 3724 videris.
3200 3669 3317 3740 Ego
3369 3671 3544 3736 enim,
3592 3667 3750 3737 inquis,
3837 3713 3847 3740 η

2231 3758 2442 3814 Christo
2467 3759 2649 3830 jejuno
2668 3802 2684 3826 ,
2713 3760 2785 3814 illi
2816 3769 2992 3815 autem
3018 3758 3172 3815 idolis
3193 3770 3249 3815 et
3274 3761 3567 3816 daemoniis.
3591 3756 3754 3827 Accipio

2230 3850 2371 3922 quod
2392 3851 2524 3906 dicis
2542 3891 2558 3918 ,
2587 3860 2642 3907 et
2668 3867 2853 3907 revera
2871 3892 2888 3918 ,
2933 3866 3040 3906 non
3065 3867 3201 3922 nego
3219 3893 3234 3918 ,
3265 3852 3550 3909 discretum
3573 3858 3657 3909 est.
3680 3846 3753 3904 Sed

2231 3958 2357 4000 ecce
2385 3944 2828 4015 quemadmodum
2855 3951 3042 4000 contra
3069 3953 3119 4000 te
3140 3943 3301 4014 paulo
3331 3954 3458 4002 ante
3480 3959 3560 4000 me
3577 3953 3753 3998 comme-
3837 3967 3847 4022 :1

2229 4047 2474 4094 morante
2494 4081 2509 4105 ,
2537 4037 2787 4094 dicebant
2812 4037 3176 4093 testimonium
3205 4040 3448 4094 membra
3491 4045 3599 4104 tua,
3617 4046 3665 4089 ut
3684 4031 3752 4086 ad-

2228 4145 2504 4187 monerem
2536 4141 2586 4185 te
2612 4130 2782 4200 qualis
2801 4144 2920 4185 esse
2946 4129 3143 4186 debeas
3171 4145 3296 4185 cum
3337 4129 3584 4187 membris
3603 4121 3749 4182 Christi

2228 4223 2326 4279 Dei
2356 4225 2466 4286 tui;
2493 4231 2549 4278 et
2577 4223 2677 4293 ipsi
2733 4222 2930 4293 Pagani
2949 4263 2966 4290 ,
3024 4237 3054 4277 a
3082 4221 3277 4292 quibus
3302 4238 3519 4294 separas
3548 4219 3749 4292 jejunium

2226 4326 2376 4373 tuum
2399 4359 2418 4386 ,
2442 4318 2766 4374 admoneant
2794 4327 2845 4374 te
2872 4317 3070 4388 aliquid
3097 4317 3165 4374 de
3184 4319 3390 4374 unitate
3417 4316 3602 4375 Christi
3626 4314 3700 4370 tui.

2297 4409 2527 4468 CAPUT
2552 4409 2664 4466 VII.
2692 4440 2764 4451 -
2789 4409 3118 4482 Paganorum
3170 4412 3401 4482 ipsorum
3447 4409 3683 4466 concordia
3711 4403 3745 4456 in

2226 4502 2367 4557 cultu
2407 4501 2716 4573 litigantium
2744 4502 2974 4558 deorum.
3003 4501 3140 4558 Ecce
3165 4501 3241 4558 illi
3268 4503 3470 4559 multos
3492 4502 3610 4557 deos
3634 4497 3745 4552 falsos

2224 4609 2332 4649 non
2353 4594 2508 4649 divisi
2531 4595 2751 4650 colunt:
2781 4594 3036 4665 numquid
3056 4609 3154 4650 nos
3182 4610 3347 4650 unum
3377 4609 3552 4651 verum
3578 4591 3678 4647 ideo
3691 4589 3745 4642 in-

2227 4683 2475 4739 venimus
2495 4725 2510 4749 ,
2555 4695 2616 4739 ut
2657 4684 2756 4739 sub
2797 4699 2903 4739 uno
2942 4684 2996 4738 in
3023 4685 3224 4740 unitate
3250 4700 3358 4741 non
3388 4684 3580 4740 simus?
3602 4679 3743 4736 Nullos

2223 4775 2299 4831 illi
2323 4784 2376 4832 et
2403 4774 2596 4842 falsos,
2627 4791 2724 4831 nos
2749 4791 2915 4831 unum
2952 4783 3007 4832 et
3027 4791 3211 4833 verum
3243 4795 3258 4832 :
3288 4785 3345 4834 et
3373 4778 3449 4833 illi
3495 4775 3587 4832 sub
3610 4767 3743 4828 multis

2221 4867 2370 4923 falsis
2396 4883 2501 4923 non
2527 4867 2725 4924 habent
2759 4867 3073 4924 divisionem
3099 4909 3114 4933 ,
3145 4883 3246 4925 nos
3287 4869 3389 4924 sub
3410 4882 3514 4924 uno
3537 4878 3647 4922 vero
3664 4872 3740 4914 non

2223 4968 2467 5016 tenemus
2497 4962 2773 5016 unitatem.
2805 4959 2922 5016 Non
2964 4960 3112 5016 doles
3132 5003 3147 5030 ,
3179 4978 3285 5018 non
3325 4963 3514 5033 gemis,
3541 4974 3630 5015 non
3654 4969 3740 5009 eru-

2221 5051 2434 5108 bescis?
2463 5051 2620 5107 Aliud
2671 5051 2810 5107 addo
2841 5070 2853 5106 :
2885 5067 2992 5108 non
3027 5053 3201 5109 solum
3244 5054 3440 5109 multos
3465 5052 3583 5108 deos
3617 5047 3736 5102 falsis

2221 5142 2418 5213 Pagani
2443 5143 2666 5209 colunt,
2697 5142 2794 5200 sed
2823 5143 3107 5215 plerosque
3135 5145 3237 5200 sibi
3278 5143 3562 5200 contrarios
3599 5146 3643 5194 et
3661 5133 3735 5191 ini-

2220 5237 2407 5293 micos.
2438 5236 2600 5293 Verbi
2621 5237 2791 5308 gratia
2816 5277 2831 5302 ,
2861 5251 3339 5295 commemoremus
3354 5239 3514 5308 aliqua
3530 5235 3731 5304 ipsorum.

2219 5328 2264 5384 si
2292 5336 2483 5384 cuncta
2513 5343 2620 5384 non
2647 5342 2931 5398 possumus
2960 5343 2974 5382 :
3029 5329 3283 5386 Hercules
3323 5339 3378 5385 et
3415 5327 3545 5384 Juno
3582 5312 3730 5377 inimici

2218 5417 2430 5474 fuerunt
2452 5460 2467 5484 ,
2513 5418 2757 5474 homines
2781 5419 2924 5474 enim
2953 5419 3168 5476 fuerunt
3190 5420 3495 5496 {privignus
3521 5415 3622 5476 ille,
3659 5419 3729 5461 no-

2216 5525 2373 5566 verca
2401 5510 2492 5564 illa
2516 5526 2531 5563 :
2562 5511 2772 5581 utrique
2797 5524 2982 5566 eorum
3011 5511 3209 5580 Pagani
3235 5511 3421 5581 templa
3443 5509 3663 5564 fecerunt.
3687 5501 3726 5548 ει

2216 5603 2410 5660 Junoni
2441 5611 2496 5659 et
2515 5603 2751 5659 Herculi.
2783 5603 3023 5660 Adorant
3041 5605 3190 5660 illum
3212 5648 3228 5672 ,
3261 5603 3470 5659 adorant
3489 5600 3639 5657 illam;
3661 5601 3723 5659 μ’

2217 5698 2347 5754 riter
2390 5707 2522 5754 eunt
2548 5697 2615 5754 ad
2657 5697 2948 5764 lunonem,
2981 5698 3180 5769 pariter
3225 5699 3287 5754 ad
3338 5694 3584 5754 Herculem

2219 5793 2317 5848 sibi
2351 5792 2496 5846 iratis
2518 5833 2531 5856 ,
2562 5789 2853 5846 concordes
2878 5797 3018 5845 sunt.
3052 5789 3311 5848 Vulcanus
3333 5800 3385 5846 et
3421 5787 3543 5844 Mars
3564 5771 3712 5835 inimici
