3860 6394
84 479 160 535 715
1087 465 1315 524 SERMO
1358 462 1445 521 DE
1488 454 1850 521 U'l'lLlTA'l‘E
1887 462 2156 524 JEJUNII.

82 600 198 659 sunt,
223 597 268 645 et
286 588 466 660 justam
492 599 700 642 causam
729 581 886 639 habet
909 582 1169 639 Vulcanus
1203 602 1216 638 :
1265 582 1359 638 scd
1384 582 1450 637 da
1485 582 1573 653 ju‘

82 686 209 739 dicem
230 678 501 753 quiaudiat.
532 676 652 733 Odit
671 676 808 733 enim
836 675 996 731 miser
1010 675 1194 732 uxoris
1218 675 1572 742 adulterium;

80 788 152 832 nec
168 783 314 828 tamen
336 768 486 826 audet
511 769 737 824 cultores
757 782 883 823 suos
904 783 935 822 a
960 766 1139 823 Martis
1165 769 1363 839 templo
1390 767 1575 840 prohi-

79 860 199 921 bere.
212 857 355 917 Simul
375 860 593 917 adorant
611 860 755 915 illum
781 869 835 915 et
860 860 1032 914 illum.
1051 859 1109 915 Si
1126 860 1398 914 imitantur
1420 859 1571 927 deos,

78 956 237 1026 litigant
257 963 304 1009 et
330 952 442 1023 ipsi.
496 951 632 1006 Eunt
674 950 740 1006 de
770 950 967 1020 templo
1003 950 1187 1005 Martis
1223 950 1291 1005 ad
1322 951 1576 1020 templum

78 1045 484 1115 Vulcanizmagna
541 1042 859 1115 indignitas!
891 1059 991 1099 nec
1041 1053 1218 1100 tamen
1270 1045 1459 1099 timent
1510 1059 1580 1099 ne

79 1138 148 1192 sibi
172 1137 389 1192 irascatur
433 1135 650 1189 maritus
668 1175 682 1199 ,
711 1133 852 1204 quod
874 1133 941 1189 ad
967 1150 1088 1190 eum
1117 1135 1329 1190 venitur
1352 1135 1419 1189 de
1446 1143 1583 1188 tem-

81 1231 143 1300 plo
162 1228 306 1283 Martis
325 1228 561 1283 adulteri.
592 1227 796 1283 Habent
821 1242 916 1283 cor
937 1268 952 1294 ,
990 1228 1162 1285 sciunt
1188 1228 1417 1298 lapidem
1455 1243 1581 1283 sen-

84 1322 153 1376 tire
173 1336 253 1375 non
280 1334 435 1389 posse.
462 1318 603 1375 Ecce
627 1318 863 1375 colentes
891 1319 1087 1375 multos
1111 1361 1126 1386 ,
1176 1320 1335 1375 falsos
1357 1362 1370 1381 ,
1402 1320 1581 1375 diver-

84 1429 175 1477 sos,
199 1411 407 1466 adversos
429 1453 444 1477 ,
476 1406 657 1465 tenent
676 1420 850 1466 tamen
877 1411 929 1464 in
969 1412 1047 1466 eis
1075 1410 1314 1467 colendis
1343 1412 1585 1482 qualem-

91 1520 258 1575 cumque
280 1505 509 1559 uuitatcm
536 1523 550 1558 :
579 1519 706 1560 ecce
728 1505 912 1561 dicunt
935 1514 1117 1560 contra
1145 1516 1194 1559 te
1220 1505 1583 1561 testimonium

93 1596 479 1666 etipsiPngani,a
512 1597 706 1666 quibus
758 1606 843 1651 tua
889 1595 1088 1667 jejunia
1133 1596 1412 1667 separasti.
1452 1596 1585 1652 Veni

88 1701 177 1756 ergo
189 1685 239 1739 ad
255 1686 489 1742 unitatem
514 1729 528 1751 ,
561 1688 741 1742 frater.
763 1686 937 1743 Unum
972 1689 1134 1743 Deum
1158 1688 1383 1743 colimus
1408 1706 1420 1743 :
1451 1704 1586 1742 nun-

81 1793 193 1844 quam
216 1775 393 1832 Patrem
418 1785 473 1833 et
504 1777 696 1833 Filium
720 1778 949 1834 vidimus
976 1779 1262 1849 litigantes.
1300 1778 1411 1835 Nec
1455 1778 1586 1834 mihi

78 1868 221 1940 Pagani
252 1878 619 1935 succenseant,
666 1872 807 1943 quod
862 1870 976 1926 haec
1014 1871 1122 1926 dixi
1149 1871 1218 1927 de
1246 1872 1349 1927 diis
1376 1887 1583 1926 eorum.

79 1962 205 2026 Quare
223 1962 343 2017 enim
370 1961 671 2017 irascantur
688 1962 866 2018 verbis
892 1963 1025 2017 meis
1051 2005 1065 2029 ,
1091 1970 1145 2018 et
1175 1978 1280 2017 non
1304 1964 1478 2032 potius
1498 1962 1587 2016 lit-

78 2056 167 2108 teris
186 2054 310 2109 suis?
334 2054 451 2111 Illas
474 2055 627 2126 prius
649 2098 665 2124 ,
697 2056 741 2111 si
775 2064 1032 2128 possunt,
1085 2057 1223 2121 imo,
1276 2060 1322 2112 si
1364 2056 1587 2124 volunt,

78 2144 229 2199 deleant
242 2164 256 2201 :
270 2161 368 2203 non
392 2148 471 2203 eis
488 2146 747 2203 docendis
758 2146 1089 2218 grammatici
1105 2147 1222 2203 vela
1238 2146 1586 2217 suspendant.

79 2235 263 2292 Irascitur
280 2238 399 2293 mihi
435 2239 558 2309 quia
589 2254 691 2310 ego
733 2238 883 2305 dico,
920 2238 1009 2309 qui
1054 2239 1145 2294 dat
1191 2237 1493 2294 mercedem
1533 2246 1592 2292 ut

83 2324 179 2380 ﬁlius
197 2326 334 2397 ipsius
359 2328 547 2385 discat.

124 2416 300 2475 CAPUT
325 2420 452 2475 VIII.
482 2451 552 2461 -
583 2421 668 2476 10.
695 2419 895 2493 Pagani
912 2421 1313 2479 Christianorum
1339 2422 1593 2476 discordia

78 2510 220 2563 caecari
260 2528 287 2564 a
311 2512 585 2567 christiana
639 2513 881 2586 religione
925 2530 1024 2568 non
1073 2513 1270 2568 debent.
1319 2513 1589 2579 Charitas,

79 2601 403 2666 rita;diuensio
427 2647 442 2671 ,
486 2622 647 2660 mors.
698 2604 871 2675 Ergo,
904 2604 1203 2661 charissimi
1225 2646 1240 2671 ,
1274 2603 1349 2657 illi
1375 2604 1591 2674 quidem

78 2691 166 2747 tales
185 2693 297 2751 deos
322 2695 549 2764 habent,
583 2695 669 2752 vel
723 2697 898 2766 potius
924 2696 1241 2751 habuerunt.
1284 2696 1414 2763 Quia
1447 2697 1591 2751 enim

78 2783 141 2852 ipsi
159 2803 232 2843 eos
249 2789 491 2847 deserere
521 2792 810 2847 noluerunt
834 2831 851 2857 ,
891 2792 960 2845 ab
990 2792 1069 2846 eis
1111 2789 1308 2845 deserti
1352 2801 1492 2845 sunt.
1526 2792 1593 2846 Et
1640 2822 1646 2828 α

76 2879 176 2933 multi
197 2881 528 2941 deseruerunt
554 2899 652 2941 eos
675 2926 689 2949 ,
719 2892 773 2939 et
799 2883 973 2938 adhuc
995 2883 1282 2947 deserunt,
1335 2882 1593 2954 dejiciunt

76 2973 214 3043 templa
239 2992 410 3032 eorum
446 2979 499 3033 in
531 2977 788 3034 cordibus
837 2978 947 3033 suis
981 2996 995 3032 :
1026 2976 1118 3032 sed
1163 2976 1489 3047 gaudeamus
1526 2978 1594 3033 de

77 3059 166 3129 illis,
190 3068 293 3136 quia
314 3069 529 3125 veniunt
554 3068 623 3124 ad
651 3071 909 3125 unitatem
930 3110 946 3137 ,
993 3084 1098 3124 non
1143 3068 1209 3124 ad
1252 3068 1592 3125 divisionem.

75 3149 151 3208 Non
190 3156 400 3216 inveniat
453 3176 699 3232 paganus
744 3161 1082 3217 occasionem
1128 3176 1231 3232 qua
1283 3161 1417 3215 nolit
1473 3175 1593 3216 esse

75 3242 342 3307 Christianus.
374 3251 781 3309 Concordemus
806 3295 822 3321 ,
871 3250 1101 3319 fratres,
1152 3252 1390 3307 colentes
1426 3265 1592 3305 unum

76 3331 193 3391 Deum
214 3382 227 3406 ,
253 3351 301 3397 ut
332 3352 384 3399 et
408 3343 529 3400 illos
558 3344 810 3400 deserere
860 3342 1057 3399 multos
1085 3342 1216 3398 deos
1247 3342 1593 3398 exhortemur

74 3428 242 3492 quodam
280 3433 433 3489 modo
478 3442 666 3490 nostra
709 3433 994 3489 concordia
1023 3475 1038 3500 ,
1094 3441 1152 3487 ut
1200 3432 1267 3487 ad
1298 3448 1480 3503 pacem
1540 3441 1595 3488 et

76 3517 118 3571 ad
156 3523 373 3581 unitatem
416 3527 640 3584 veniant
687 3525 898 3581 colendi
952 3540 1114 3581 unum
1175 3523 1364 3579 Deum.
1426 3524 1493 3579 Et
1547 3524 1593 3580 si

76 3605 169 3666 forte
193 3612 477 3687 fastidiunt,
529 3628 587 3675 et
624 3618 749 3674 hinc
782 3616 939 3672 nobis
976 3617 1367 3672 calumniantur
1394 3658 1409 3684 ,
1449 3617 1593 3688 quod

76 3702 267 3761 unitatem
295 3708 429 3765 inter
454 3725 557 3766 nos
580 3707 873 3766 Christiani
901 3723 1006 3763 non
1047 3707 1337 3776 habemus,
1388 3718 1442 3764 et
1469 3709 1594 3766 inde

78 3800 161 3846 sunt
180 3797 292 3853 tardi
319 3808 373 3855 et
394 3802 528 3873 pigri
550 3813 624 3857 ne
648 3801 866 3856 veniant
889 3798 956 3854 ad
982 3799 1209 3854 salutem
1234 3816 1249 3865 ;
1278 3799 1521 3872 alloquar
1540 3810 1595 3856 et

78 3878 176 3948 ipsos
193 3889 436 3956 paululum
456 3934 475 3961 ,
496 3900 552 3948 et
578 3890 784 3960 dicam,
815 3890 959 3962 quod
982 3889 1061 3946 eis
1089 3890 1298 3947 dicatis.
1314 3887 1430 3945 Non
1460 3907 1593 3961 prae-

76 3971 200 4033 ferant
222 3984 361 4040 nobis
384 3987 536 4058 quasi
566 3984 909 4041 concordiam
938 3999 1086 4039 suam
1107 4025 1123 4051 ,
1168 3999 1274 4038 non
1328 3985 1429 4039 sibi
1479 3993 1596 4039 tan-

78 4080 186 4135 lluam
208 4074 265 4130 de
285 4079 479 4135 unitate
506 4092 605 4133 sua
650 4076 916 4148 placeant.
951 4076 1168 4132 Hostem
1213 4077 1408 4148 quippe
1436 4092 1593 4147 quem

76 4164 277 4234 patimur,
302 4170 372 4225 illi
399 4187 504 4227 non
532 4170 809 4242 patiuntur
840 4187 852 4224 :
883 4168 1005 4225 illos
1029 4177 1085 4225 et
1112 4183 1220 4223 non
1248 4168 1348 4223 ista
1377 4179 1596 4240 agentes

76 4247 156 4321 ipse
176 4262 401 4329 possidet.
422 4265 582 4321 Videt
605 4279 701 4320 eos
728 4265 1044 4320 adoratores
1066 4263 1317 4318 falsorum
1339 4262 1592 4330 deorum;

76 4346 180 4403 videt
195 4367 275 4409 eos
291 4369 467 4413 servos
482 4399 499 4425 ,
526 4364 585 4414 et
607 4370 793 4412 servos
816 4355 1203 4411 daemoniorum
1220 4353 1347 4425 quid
1368 4353 1441 4408 illi
1464 4353 1596 4408 lucri

77 4446 134 4490 est
151 4443 249 4511 quia
274 4445 499 4518 litigant,
532 4455 622 4503 aut
669 4447 795 4519 quid
821 4446 1001 4503 damni
1046 4454 1133 4503 est
1179 4445 1304 4517 quia
1339 4460 1447 4500 non
1493 4445 1597 4500 liti-

77 4533 199 4594 ganti
219 4535 279 4592 Et
301 4555 458 4595 unum
482 4541 728 4613 quamvis
755 4540 948 4599 lalsum
980 4548 1034 4596 et
1053 4555 1248 4595 vanum
1278 4538 1593 4607 sentientes,

79 4618 235 4694 sibique
250 4633 638 4689 consentientes
662 4674 677 4700 ,
709 4633 786 4688 sic
814 4646 908 4687 eos
934 4631 1188 4703 possidet.
1218 4633 1289 4686 At
1321 4647 1449 4685 vero
1475 4646 1596 4685 cum

81 4709 381 4793 desereretur,
410 4736 462 4782 et
493 4726 647 4782 multi
679 4725 755 4803 ad.
774 4742 939 4781 unum
968 4726 1134 4781 Deum
1173 4736 1594 4795 concurrerent,

82 4804 161 4873 eius
178 4816 403 4889 sacrilega
422 4830 758 4891 sacramenta
787 4820 1135 4888 desererent,
1164 4821 1362 4891 templa
1391 4830 1599 4878 everte-

82 4909 192 4968 rent,
217 4905 339 4963 idola
364 4910 700 4985 frangerent,
726 4911 989 4968 sacriﬁcia
1030 4912 1413 4985 prohiberent;
1466 4913 1600 4968 vidit

82 5000 122 5042 Se
154 4997 411 5062 perdidisse
438 5020 575 5076 quos
604 5006 857 5073 tenebat,
888 5004 1020 5062 vidit
1056 5020 1085 5059 a
1116 5020 1213 5061 sua
1256 5003 1455 5060 familia
1507 5020 1599 5061 re-

83 5087 280 5160 cemisse,
306 5110 484 5153 verum
530 5098 698 5154 Deum
751 5096 1068 5167 cognovisse
1112 5113 1124 5150 :
1175 5095 1300 5167 quid
1349 5094 1599 5151 faceret?

82 5183 291 5242 Quomodo
312 5187 678 5247 insidiaretur?
705 5189 1012 5246 Concordes
1036 5203 1136 5243 nos
1180 5188 1281 5244 scit
1305 5188 1446 5259 quod
1470 5203 1597 5258 pos-

84 5269 215 5331 sidere
252 5295 348 5337 non
374 5285 568 5355 possit,
609 5299 774 5339 unum
826 5284 994 5339 Deum
1025 5281 1180 5337 nobis
1219 5280 1462 5336 dividere
1491 5296 1599 5337 non

86 5372 244 5437 Potest,
269 5371 418 5433 falsos
466 5377 599 5434 deos
652 5378 807 5433 nobis
856 5389 1162 5448 supponere
1215 5388 1321 5430 non
1371 5382 1596 5444 potest;

87 5459 509 5525 sentitessevitam
556 5479 789 5526 nostram
813 5468 1128 5525 charitatem
1152 5508 1167 5534 ,
1216 5474 1447 5522 mortem
1491 5481 1594 5522 no-

88 5554 211 5607 διηιη
231 5556 598 5619 dissensionem
638 5580 652 5617 :
684 5563 807 5619 lites
833 5560 1057 5616 immisit
1083 5562 1222 5614 inter
1243 5558 1597 5625 Christianos,

89 5640 179 5704 (lilia
196 5649 369 5709 multos
396 5654 538 5721 deos
582 5669 689 5711 non
731 5652 904 5725 potuit
943 5650 1207 5707 fabricare
1244 5646 1599 5715 Christianis;

92 5742 222 5794 δθειειε
244 5730 587 5818 multiplicavit
605 5792 621 5817 ,
642 5762 857 5805 errores
884 5744 1209 5811 seminavit,
1241 5743 1471 5797 haereses
1516 5742 1600 5797 in-

94 5824 235 5885 stituit.
260 5833 357 5892 Sed
392 5839 643 5911 quidquid
676 5840 827 5904 fecit,
870 5836 939 5894 de
969 5837 1121 5907 palea
1150 5833 1416 5890 dominica
1454 5831 1598 5889 fecit.

98 5914 196 5977 Εαδε
212 5931 439 5988 securitas
467 5935 615 5991 nobis
641 5942 753 5999 est,
777 5934 900 5988 licet
926 5930 1017 5987 illo
1047 5928 1328 5994 smviente,
1359 5926 1482 5982 licet
1509 5925 1599 5983 illo

281 6022 485 6086 Sacr.
536 6030 807 6089 Auensr.
845 6024 953 6085 VI.

3168 478 3275 533 7M

1682 579 1965 636 insidiante
1989 623 2004 648 ,
2044 588 2100 637 et
2141 581 2505 639 dissensiones
2552 584 2732 640 varias
2777 586 2917 642 inter
2941 586 3273 649 Christianos

1682 673 2026 729 seminante:
2071 675 2116 728 si
2160 675 2324 730 Deum
2372 686 2609 731 nostrum
2641 692 3025 748 agnoscamus,
3069 682 3112 735 si
3140 697 3274 739 cono

1683 764 1915 820 corditer
1938 774 2209 822 teneamus
2234 808 2251 834 ,
2283 766 2328 822 si
2352 767 2507 822 ﬁdem
2539 783 2836 837 servemus,
2863 772 3037 826 securi
3066 753 3271 829 sumus.

1685 853 1904 911 Fratres
1923 898 1938 922 ,
1964 855 2283 911 frumentum
2314 857 2382 912 de
2402 874 2525 912 area
2551 867 2645 913 aut
2668 876 2774 915 non
2802 862 3037 929 recedit,
3070 872 3161 919 aut
3190 881 3280 921 re-

1686 946 1797 1002 dit:
1827 947 2026 1018 aliquid
2054 948 2324 1018 palearum
2355 950 2528 1005 aufert
2548 962 2740 1006 ventus
2764 955 3073 1010 tentationis
3092 998 3106 1023 ,
3132 957 3299 1014 unde.

1688 1041 1841 1095 nobis
1873 1042 2027 1095 faciat
2055 1056 2157 1096 non
2183 1042 2319 1096 viam
2354 1042 2662 1113 perditionis
2684 1086 2700 1111 ,
2731 1046 2823 1100 sed
2850 1062 2985 1116 opus
3016 1052 3281 1105 exercita-

1690 1134 1870 1187 tionis.
1902 1130 2161 1202 Quantam
2190 1150 2316 1190 vero
2339 1136 2542 1205 paleam
2575 1152 2677 1192 non
2704 1137 2846 1193 tollit
2867 1137 3011 1195 foras
3034 1182 3048 1206 ,
3081 1151 3133 1196 et
3161 1143 3274 1211 ipsa

1690 1234 1862 1280 tamen
1891 1226 1941 1279 in
1970 1227 2156 1281 ultimo
2183 1227 2483 1284 ventilanda
2513 1237 2633 1284 est:
2668 1237 2722 1285 et
2750 1246 2852 1285 non
2886 1231 2927 1285 it
2980 1240 3087 1287 tota
3124 1236 3277 1302 palea

1689 1316 1793 1371 nisi
1821 1318 1870 1372 in
1900 1318 2097 1388 ignem.
2122 1319 2377 1390 Satagere
2398 1336 2525 1392 ergo
2550 1320 2811 1377 debemus
2830 1363 2843 1384 ,
2888 1320 3082 1377 fratres
3121 1326 3225 1379 mei
3255 1366 3270 1392 ,

1689 1424 1810 1464 cum
1838 1419 2047 1479 tempus
2094 1419 2214 1474 est,
2244 1412 2456 1481 quantis
2491 1427 2773 1482 possumus
2799 1414 2997 1469 viribus
3020 1457 3034 1479 ,
3080 1427 3277 1484 quanta

1692 1516 1975 1570 possumus
2001 1502 2314 1568 intentione,
2344 1512 2398 1558 ut
2435 1503 2481 1558 si
2512 1504 2625 1559 ﬁeri
2655 1515 2846 1576 potest,
2880 1516 2933 1562 et
2958 1508 3108 1578 palea
3159 1510 3280 1564 red-

1690 1603 1796 1659 eat,
1834 1593 1958 1647 dum
1990 1594 2255 1650 frumenta
2286 1610 2391 1650 non
2441 1605 2682 1666 pereant.
2717 1598 2939 1655 Dilectio
2980 1609 3161 1656 nostra
3192 1600 3280 1657 hic

1693 1684 1982 1755 probatur,
2028 1704 2277 1758 magnum
2324 1704 2458 1759 opus
2517 1690 2637 1744 vita:
2687 1699 2886 1746 nostra:
2940 1694 3277 1762 proponitur.

1691 1777 1807 1833 Non
1835 1794 1933 1833 nos
1952 1781 2346 1847 inveniremus,
2375 1792 2630 1851 quantum
2656 1783 2850 1840 fratres
2881 1785 3195 1856 diligamus,
3234 1788 3281 1843 si

1692 1886 1851 1925 nemo
1895 1872 2280 1940 periclitaretur
2325 1890 2339 1926 :
2391 1889 2498 1928 non
2539 1886 2818 1946 appareret
2878 1889 3073 1949 quanta
3138 1891 3286 1937 esset

1692 1960 1905 2018 dilectio
1953 1963 2308 2034 inquisitionis
2342 2007 2358 2033 ,
2405 1966 2451 2020 si
2493 1966 2625 2021 nihil
2677 1976 2882 2025 teneret
2908 1970 3133 2042 abyssus
3156 1989 3282 2043 per—

1693 2055 1929 2112 ditionis.

1764 2147 1989 2205 CAPUT
2016 2150 2244 2205 ηιμ-ιι
2260 2191 2273 2204 .
2293 2152 2557 2223 Agendum
2584 2153 2814 2209 omnibus
2840 2156 3002 2211 modis
3020 2167 3073 2211 ut
3093 2159 3162 2212 ad
3178 2161 3287 2214 uni-

1696 2251 1846 2296 tatem
1866 2244 2330 2299 redeantltwretici.
2362 2243 2688 2300 Piscatorum
2717 2256 2765 2300 et
2792 2260 3085 2303 venatorum
3121 2253 3290 2322 oﬁcia

1695 2332 1912 2387 diversa.
1935 2333 2286 2401 Laboremus,
2308 2334 2519 2403 fratres,
2541 2353 2644 2390 non
2671 2352 2966 2407 cessemus,
2985 2343 3131 2396 omni
3152 2360 3286 2413 ope-

1696 2439 1775 2489 re,
1796 2426 1938 2479 omni
1961 2426 2154 2481 sudore
2174 2468 2186 2491 ,
2217 2426 2413 2482 affectu
2446 2429 2531 2498 pio
2549 2428 2615 2483 ad
2640 2431 2803 2485 Deum
2823 2472 2839 2498 ,
2870 2431 2937 2487 ad
2958 2433 3080 2488 illos
3098 2474 3114 2501 ,
3147 2436 3287 2491 inter

1696 2532 1824 2581 nos,
1854 2534 1923 2573 ne
1948 2518 2161 2573 illorum
2193 2529 2428 2575 veterem
2456 2522 2600 2578 litem
2627 2524 2806 2593 sopire
2835 2525 3077 2581 volentes
3098 2568 3110 2591 ,
3145 2528 3289 2583 inter

1702 2625 1800 2664 nos
1833 2626 1999 2666 novas
2027 2612 2170 2667 rixas
2210 2611 2470 2668 faciamus
2520 2632 2533 2669 :
2580 2625 2635 2670 et
2683 2624 2808 2671 ante
2832 2618 3011 2672 omnia
3041 2621 3181 2674 cauti
3208 2622 3286 2675 si-

1698 2717 1816 2755 mus-
1843 2700 1982 2756 inter
2016 2718 2114 2757 nos
2144 2704 2286 2772 ipsos
2319 2713 2502 2760 tenere
2528 2704 2887 2761 firmissimam
2916 2708 3283 2767 dilectionem.

1699 2791 1777 2847 Illi
1804 2794 2112 2863 gelaverunt
2140 2795 2193 2849 in
2235 2796 2600 2866 iniquitatibus
2625 2799 2737 2853 suis
2766 2816 2779 2851 :
2804 2800 3074 2867 quomodo
3113 2802 3166 2857 in
3202 2802 3286 2859 eis

1698 2895 1754 2939 tu
1794 2887 1971 2941 solves
2000 2887 2220 2957 glaciem
2254 2887 2579 2958 iniquitatis,
2625 2889 2673 2944 si
2702 2904 2806 2945 non
2838 2890 3029 2946 ardeas
3070 2891 3285 2948 flamma

1696 2978 2010 3034 charitatis?
2052 2979 2163 3036 Nec
2199 2996 2446 3036 curemus
2487 2981 2630 3053 quod
2676 2982 2754 3037 eis
2803 2985 3012 3039 molesti
3038 2986 3289 3042 videmur

1696 3070 2067 3141 compellendo
2100 3090 2113 3126 :
2144 3073 2479 3127 attendamus
2511 3088 2651 3144 quo;
2680 3074 2733 3129 in
2777 3090 2844 3129 eo
2867 3080 3040 3131 securi
3068 3078 3237 3133 simus
3268 3098 3283 3132 :

1698 3162 1953 3231 numquid
1982 3163 2123 3217 enim
2149 3163 2215 3217 ad
2261 3175 2486 3219 mortem
2511 3205 2527 3230 ,
2576 3174 2631 3220 et
2670 3181 2776 3220 non
2809 3168 2982 3237 potius
3009 3184 3038 3222 a
3067 3170 3286 3225 morte?

1696 3252 1925 3308 Omnino
1971 3256 2392 3326 quibuscumque
2438 3256 2611 3311 modis
2658 3273 2979 3328 possumus,
3024 3261 3120 3317 sed
3172 3277 3294 3318 mo-

1697 3344 1847 3400 deste
1866 3387 1880 3411 ,
1913 3354 2119 3401 vetusta
2147 3348 2366 3402 vulnera
2392 3357 2779 3418 pertractemus
2808 3369 2821 3404 :
2851 3360 2906 3408 et
2928 3354 3067 3407 cauti
3095 3353 3287 3421 simus,

1697 3453 1766 3490 ne
1805 3438 1944 3492 inter
1986 3453 2175 3492 manus
2232 3439 2423 3494 medici
2480 3440 2692 3495 deﬁciat
2728 3442 2820 3513 qui
2873 3454 3108 3499 curatur.
3147 3445 3291 3514 Quid

1698 3530 1877 3601 itaque
1903 3531 2195 3587 curandum
2230 3532 2382 3587 nobis
2422 3542 2504 3587 est
2546 3534 2667 3605 quia
2698 3536 2872 3605 plorat
2914 3554 3047 3608 puer
3086 3539 3175 3609 qui
3221 3540 3289 3594 ad

1697 3621 1933 3676 scholam
1960 3623 2207 3678 ducitur?
2236 3622 2585 3695 Cogitandum
2618 3628 2775 3683 nobis
2804 3637 2887 3683 est
2925 3630 3046 3699 quia
3077 3630 3295 3699 repellit

1698 3732 1887 3770 manus
1917 3716 2109 3772 medici
2135 3718 2224 3787 qui
2266 3717 2516 3773 secatur?
2544 3718 2844 3776 Piscatores
2889 3722 3102 3776 fuerunt
3147 3725 3289 3793 Apo-

1698 3810 1853 3876 stoli,
1898 3819 1952 3865 et
1991 3811 2246 3866 Dominus
2272 3811 2406 3866 dixit
2459 3812 2571 3877 eis,
2627 3811 2839 3868 Faciam
2878 3832 2964 3869 uos
3015 3817 3292 3886 piscatores

1699 3905 1960 3959 hominum
1992 3905 2206 3975 (Matth.
2236 3922 2290 3960 IV
2312 3948 2327 3972 ,
2358 3906 2472 3976 19).
2504 3906 2607 3960 Per
2633 3908 2945 3977 prophetam
2986 3917 3163 3962 autem
3209 3902 3295 3964 di?

1698 4000 1840 4055 citur
1867 3998 2010 4068 quod
2057 3998 2200 4051 Deus
2256 3999 2426 4067 primo
2477 4001 2772 4066 piscatores
2825 4007 2941 4053 erat
2992 4000 3287 4065 missurus,

1700 4098 1885 4160 postea
1915 4097 2197 4143 venatores
2229 4086 2445 4155 (Jerem.
2477 4101 2571 4140 xvi
2591 4126 2606 4151 ,
2641 4088 2753 4158 16).
2784 4088 2964 4142 Primo
2994 4086 3291 4156 piscatores

1699 4181 1878 4241 misit,
1925 4188 2111 4249 postea
2162 4187 2439 4232 venatores
2485 4176 2669 4234 mittit.
2722 4176 2896 4245 Quare
2958 4178 3287 4247 piscatores,

1701 4285 1865 4341 quare
1909 4269 2223 4324 venatores?
2269 4268 2344 4321 De
2368 4268 2563 4336 abysso
2602 4276 2659 4321 et
2688 4266 2951 4337 profundo
3005 4267 3166 4322 maris
3195 4282 3313 4323 sur

1699 4363 2031 4435 perstitionis
2053 4360 2367 4417 idololatria:
2395 4359 2673 4415 credentes
2704 4359 2890 4431 piscati
2921 4370 3047 4415 sunt
3086 4360 3292 4417 retibus

1701 4456 1845 4512 ﬁdei.
1878 4453 2172 4510 Venatores
2196 4461 2371 4508 autem
2403 4467 2508 4521 quo
2552 4451 2701 4508 missi
2743 4453 2904 4508 sunt?
2930 4452 3061 4509 Cum
3090 4452 3165 4506 illi
3194 4468 3290 4506 va-

1699 4556 1953 4620 gerentur
1978 4562 2075 4617 per
2105 4554 2313 4601 montes
2342 4553 2399 4601 et
2417 4544 2583 4600 colles
2601 4587 2617 4613 ,
2647 4544 2697 4600 id
2721 4554 2837 4612 est,
2867 4560 2963 4615 per
3007 4543 3289 4614 superbias

1702 4639 1976 4695 hominum
1997 4680 2012 4706 ,
2045 4653 2139 4708 per
2169 4647 2407 4693 tumores
2446 4646 2731 4691 terrarum.
2761 4636 2913 4691 Mons
2942 4650 3076 4690 unus
3109 4635 3288 4690 Dona-

1703 4739 1789 4787 tus
1808 4773 1823 4798 ,
1847 4740 1900 4786 et
1928 4730 2065 4784 alius
2094 4745 2247 4787 mons
2278 4730 2464 4794 Arius;
2497 4728 2633 4784 alter
2661 4743 2817 4783 mons
2846 4727 3125 4793 Photinus,
3150 4728 3287 4782 alter

1703 4837 1859 4877 mons
1883 4821 2118 4876 Novatus
2150 4839 2163 4875 :
2191 4836 2289 4892 per
2309 4822 2441 4877 istos
2463 4828 2676 4875 montes
2704 4819 2988 4884 errabant;
3018 4820 3292 4875 venatori-

1703 4915 1805 4971 bus
1826 4912 2095 4985 indigebat
2117 4928 2273 4969 error
2315 4912 2571 4982 ipsorum.
2608 4910 2730 4966 Ideo
2758 4921 2812 4965 et
2840 4911 3123 4967 distributa
3168 4922 3296 4968 sunt

1705 5005 1877 5061 ofﬁcia
1907 5004 2230 5075 piscatorum
2256 5010 2312 5057 et
2349 5012 2691 5067 venatorum,
2723 5017 2791 5057 ne
2820 5000 2959 5058 forte
2998 5003 3084 5059 isti
3113 5003 3300 5061 dicant

1706 5097 1904 5153 nobis:
1935 5094 2112 5164 Quare
2158 5094 2400 5164 Apostoli
2447 5094 2714 5150 neminem
2763 5104 3090 5166 coegerunt,
3124 5099 3298 5152 nemi-

1706 5205 1829 5246 nem
1873 5188 2238 5260 impulerunt?
2282 5187 2417 5257 Quia
2461 5188 2699 5259 piscator
2725 5195 2843 5256 est,
2874 5190 3009 5248 retia
3041 5190 3203 5244 mittit
3243 5191 3293 5244 in

1706 5295 1885 5344 mare,
1916 5278 2059 5350 quod
2100 5278 2387 5333 incurrerit
2431 5279 2610 5334 trahit.
2639 5279 2875 5335 Venator
2915 5290 3090 5335 autem
3137 5281 3292 5335 silvas

1706 5374 1899 5446 cingit,
1946 5381 2129 5430 sentes
2156 5374 2389 5439 excutit,
2422 5374 2718 5430 terroribus
2760 5374 2995 5445 undique
3040 5372 3299 5440 multipli-

1706 5467 1837 5523 catis
1865 5465 2006 5537 cogit
2053 5465 2106 5520 in
2160 5466 2315 5522 retia.
2344 5464 2423 5522 Ne
2473 5466 2574 5522 hac
2619 5474 2831 5531 eat,ne
2855 5465 2975 5519 illac
3012 5470 3139 5518 eat:
3173 5461 3299 5517 inde

1707 5573 1929 5614 occurre
1948 5600 1962 5624 ,
1995 5557 2120 5614 inde
2145 5558 2325 5627 caede,
2353 5558 2477 5614 inde
2507 5567 2681 5625 terre;
2711 5573 2817 5612 non
2861 5563 3051 5621 exeat,
3078 5567 3185 5609 non
3214 5554 3275 5610 ef
3277 5584 3301 5597 -

1708 5648 1890 5722 fugiat.
1919 5648 2024 5706 Sed
2053 5650 2184 5706 retia
2212 5660 2393 5706 nostra
2420 5651 2528 5705 vita
2555 5657 2637 5705 est
2656 5690 2672 5715 ,
2700 5657 2903 5703 tantum
2925 5646 3141 5703 dilectio
3166 5662 3300 5703 con—

1708 5751 1968 5798 servetur.
2012 5742 2119 5798 Nec
2163 5743 2407 5799 attendas
2435 5755 2593 5811 quam
2624 5739 2696 5794 illi
2749 5739 2824 5792 sis
2869 5738 3126 5793 molestus
3150 5779 3164 5802 ,
3199 5738 3299 5795 sed

1707 5850 1868 5906 quam
1900 5835 1993 5890 tibi
2018 5835 2107 5891 ille
2134 5834 2204 5891 sit
2232 5835 2476 5891 dilectus.
2507 5830 2689 5898 Qualis
2717 5830 2887 5901 pietas
2908 5872 2921 5897 ,
2956 5831 2999 5886 si
3037 5831 3214 5902 parcis
3238 5839 3300 5890 et

1714 5924 1970 5980 moritur?

2548 6016 3051 6099 (Vingt—trois.)
