3860 6284
89 355 171 412 7n

82 461 337 538 prophetae,
376 458 465 516 ubi
503 473 628 516 eum
667 456 973 517 audivimus.
1008 469 1299 530 orantem,
1330 472 1385 518 et
1423 464 1613 521 mirati

78 569 247 623 sumus,
290 568 390 610 non
434 551 608 609 solum
644 562 861 624 peccata
902 554 1081 625 populi
1120 556 1230 622 sui,
1277 556 1371 613 sed
1411 567 1464 615 et
1506 575 1601 616 sua

76 647 251 719 propria
266 646 619 702 conﬁtentem.
650 645 779 702 Nam
805 655 928 717 post
948 647 1119 718 ipsam
1145 650 1440 707 orationem
1458 693 1473 719 ,
1502 668 1599 708 οη-

70 742 136 811 jus
166 737 357 810 quidem
397 737 559 795 verba
589 737 890 796 indicabant
916 756 1040 799 eum
1067 758 1177 800 non
1200 744 1379 801 solum
1401 744 1601 816 depre-

71 842 287 899 catorem,
332 830 425 889 sed
462 832 621 888 etiam
667 831 1077 903 confessorem;
1108 844 1237 907 post
1267 837 1435 910 ipsam
1472 853 1617 909 ergo.

68 925 308 979 cntionem
329 965 363 989 ,,
382 924 765 993 Cunctatorem,
794 927 1001 997 inquit,
1032 930 1369 999 alcon/itera
1395 943 1603 1001 peccata
1613 969 1628 990 ,-

68 1032 146 1068 mea
164 1025 202 1069 et
226 1024 417 1085 peccata
445 1016 623 1087 pepuli
653 1020 751 1074 mei
773 1018 994 1075 Domino
1023 1018 1133 1076 Deo
1161 1037 1273 1077 meo
1305 1020 1464 1093 (Dan.
1496 1038 1553 1077 ix
1575 1063 1594 1088 ,

66 1107 148 1176 ΞΟ).
180 1106 291 1174 Quis
322 1121 447 1181 ergo
483 1118 577 1165 est
604 1111 705 1185 qui,
730 1126 789 1168 se
816 1112 932 1168 sine
958 1122 1179 1182 peccato,
1198 1128 1317 1170 esse
1348 1114 1595 1184 proﬁtea-

68 1206 155 1261 tur,
191 1212 309 1253 cum.
342 1198 527 1255 Daniel
566 1211 789 1277 peccata
836 1205 1055 1275 pmpria
1094 1206 1417 1269 conﬁtetur?
1458 1206 1597 1263 Nam

66 1289 240 1361 superbo
275 1291 499 1348 cuidam.
524 1292 727 1351 dictum
768 1304 851 1353 est
877 1312 974 1367 per
998 1297 1337 1355 Ezechielem
1360 1299 1591 1369 prophe-

68 1395 141 1437 tam
182 1402 194 1437 :
236 1383 499 1457 Numquid
539 1397 596 1443 tu
644 1390 918 1461 sapientior
965 1407 1118 1460 quam
1165 1391 1349 1447 Daniel
1377 1392 1589 1465 (Emit.

70 1491 218 1542 mm,
261 1474 356 1547 3)?
398 1476 457 1533 In
503 1479 677 1537 tribus
714 1481 842 1537 item
867 1482 1181 1553 quibusdam
1206 1483 1407 1541 sanctis
1426 1484 1587 1551 uiris,

73 1582 139 1636 per
155 1582 261 1637 quos
285 1568 379 1625 tria
404 1585 606 1643 genera
634 1572 909 1628 hominum
930 1573 1191 1645 signiﬁcat
1217 1576 1354 1633 Deus
1379 1592 1501 1646 quae
1520 1577 1589 1633 li-

68 1657 279 1715 benturus
299 1669 413 1728 est,
443 1664 663 1733 quando
686 1680 877 1735 magna
906 1665 1178 1722 tribulatio
1203 1677 1590 1737 superventura

64 1758 119 1804 est
140 1751 291 1820 generi
318 1750 589 1821 humano,
616 1755 777 1810 etiam
804 1755 951 1811 hunc
978 1756 1253 1813 Danielem
1286 1759 1462 1828 posuit
1488 1776 1503 1816 :
1532 1770 1589 1816 et

62 1841 293 1914 dixitquod
318 1860 475 1901 nemo
506 1846 633 1904 inde
654 1848 965 1905 liberabitur
984 1890 1000 1915 ,
1028 1850 1129 1905 nisi
1153 1850 1264 1906 Noe
1283 1893 1299 1917 ,
1328 1852 1514 1908 Daniel
1534 1863 1588 1909 et

59 1932 236 2005 Job(Id.
262 1952 350 1992 xtv
370 1978 395 2006 ,ν
416 1938 529 2010 tt).
562 1939 631 1995 Et
651 1940 865 2011 quidem
892 1943 1235 2000 manifestum
1252 1954 1336 2001 est
1361 1946 1502 2017 quod
1528 1948 1585 2005 in

58 2025 116 2080 his
142 2026 289 2087 tribus
318 2031 637 2088 nominibus
674 2033 775 2088 tria
810 2034 1052 2104 quaedam
1073 2077 1090 2100 ,
1133 2043 1192 2091 ut
1216 2036 1359 2103 dixi,
1387 2053 1583 2109 genera

58 2115 277 2176 hominum
290 2120 555 2192 signiﬁcat
585 2123 747 2183 Deus.
766 2124 1056 2189 Jamenim
1086 2134 1197 2195 tres
1226 2128 1301 2181 illi
1330 2128 1428 2185 viri
1454 2129 1583 2185 dor-

55 2207 252 2277 mierunt,
284 2221 337 2266 et
369 2212 513 2283 apud
542 2212 713 2271 Deum
737 2226 861 2272 sunt
886 2216 1101 2287 spiritus
1128 2233 1311 2275 eorum
1330 2260 1347 2287 ,
1378 2228 1433 2277 et
1458 2237 1580 2278 cor-

56 2312 151 2366 pora
187 2315 351 2365 eorum
386 2303 440 2358 in
483 2313 631 2361 terra
659 2305 926 2366 fluxerunt
956 2327 967 2361 :
998 2319 1312 2379 exspectant
1336 2326 1581 2368 resurre-

54 2390 225 2447 ctionem
255 2402 305 2449 et
326 2395 393 2451 ad
423 2395 527 2453 dex
541 2406 713 2453 teram
743 2399 1150 2457 collocationem
1177 2442 1195 2466 ,
1226 2417 1324 2459 nec
1347 2403 1578 2474 aliquam

56 2482 88 2536 in
114 2486 192 2543 hoc
221 2490 404 2545 mundo
432 2491 837 2549 tribulationem
869 2494 1087 2559 timent,
1117 2494 1257 2551 unde
1280 2512 1341 2552 se
1364 2497 1589 2567 cupiant

56 2575 228 2633 liberari.
254 2581 529 2648 Quomodo
554 2599 684 2656 ergo
698 2584 769 2640 de
800 2586 887 2642 illa
920 2572 1256 2643 tribulatione
1276 2588 1577 2645 liberabun-

55 2676 109 2722 tur
130 2670 237 2739 Noe,
262 2674 432 2730 Daniel
460 2685 512 2731 et
542 2675 678 2732 Job?
698 2676 919 2746 Quando
940 2678 1149 2734 diccbat
1173 2680 1272 2734 ista
1298 2680 1573 2746 Ezechiel,

53 2761 151 2814 solus
181 2762 381 2820 forsitan
412 2767 604 2822 Daniel
636 2768 685 2823 in
711 2784 935 2839 corpore
961 2770 1078 2826 fuit.
1106 2771 1239 2826 Nam
1264 2772 1375 2827 Noe
1399 2782 1452 2829 et
1475 2772 1576 2831 Job

51 2851 121 2921 jam
150 2857 257 2913 olim
297 2859 630 2918 dormierant
649 2904 662 2926 ,
709 2870 765 2919 et
787 2878 977 2919 somno
1008 2866 1193 2921 mortis
1220 2866 1455 2936 patribus
1483 2884 1574 2938 ap-

54 2948 160 3013 positi
186 2950 390 3007 fuerant.
422 2954 713 3021 Quomodo
742 2972 868 3027 ergo
899 2966 1144 3027 poterant
1172 2958 1237 3013 de
1264 2959 1573 3016 imminente

52 3037 317 3099 tribulatione
342 3044 598 3113 liberari,
623 3046 729 3115 jam
760 3048 884 3101 olim
917 3048 983 3103 de
1010 3064 1169 3104 carne
1198 3050 1443 3127 liberati?
1467 3052 1571 3108 Sed

51 3128 85 3183 in
104 3131 188 3189 Noe
208 3136 568 3205 signiﬁcantur
592 3139 715 3195 boni
743 3142 1007 3211 pra-positi
1029 3185 1043 3208 ,
1072 3144 1161 3213 qui
1194 3156 1379 3217 regunt
1406 3155 1457 3201 et
1477 3162 1576 3218 gn-

52 3222 211 3284 bernant
236 3230 527 3288 Ecclesiam
550 3276 565 3300 ,
588 3234 855 3304 quomodo
876 3235 987 3291 Noe
1008 3237 1061 3291 in
1087 3237 1284 3295 diluvio
1303 3240 1569 3309 guberna-

49 3316 98 3369 tit
114 3333 276 3377 arcam.
306 3323 357 3379 In
384 3325 613 3381 Daniele
641 3326 1004 3403 signiﬁcantur
1027 3343 1214 3384 omnes
1243 3326 1412 3387 sancti
1438 3346 1566 3387 con-

50 3408 215 3468 tinentes
240 3433 252 3471 :
281 3415 331 3470 in
354 3414 454 3473 Job
482 3408 681 3474 Omnes
700 3406 965 3491 eonjngati
982 3420 1126 3490 juste
1149 3430 1204 3476 et
1231 3422 1367 3477 bene
1391 3424 1570 3479 viven-

49 3508 115 3554 tes.
148 3504 250 3562 Haec
280 3512 415 3565 enim
459 3510 571 3579 tria
607 3526 803 3582 genera
832 3511 1107 3569 hominum
1133 3514 1203 3570 de
1230 3514 1319 3570 illa
1347 3516 1567 3572 tribula-

50 3594 148 3651 tione
174 3584 342 3657 liberat
367 3604 539 3661 Deus.
568 3604 767 3661 Tamen
795 3615 1047 3677 quantum
1075 3607 1144 3663 sit
1169 3609 1568 3666 commendatus

50 3682 206 3759 Daniel,
226 3708 284 3750 ex
308 3695 407 3752 hoc
430 3707 660 3775 apparet
676 3740 696 3775 ι,
720 3698 862 3771 quod
886 3714 1020 3755 unus
1045 3715 1110 3755 ex
1133 3702 1234 3758 illis
1261 3702 1429 3759 tribus
1458 3719 1569 3760 me»

49 3780 119 3833 ruit
148 3786 373 3843 nominari
413 3808 426 3843 :
466 3772 533 3846 et
558 3772 733 3847 tamen
763 3792 1046 3848 conﬁtetur
1073 3803 1286 3862 peccata
1314 3810 1430 3851 sua.
1469 3795 1565 3850 Da-

50 3871 143 3927 nicle
171 3891 279 3948 ergo
302 3882 595 3939 conﬁtente
623 3894 833 3952 peccata
859 3899 951 3940 sua
972 3925 987 3950 ,
1017 3887 1169 3955 cujus
1191 3888 1439 3957 superbia
1460 3904 1563 3943 non

50 3970 348 4027 Contremiscat
367 4016 380 4039 ,
402 3975 562 4045 cujus
587 3974 788 4031 inflatio
811 3992 915 4033 non
946 3978 1142 4033 residat
1167 4022 1181 4046 ,
1206 3980 1360 4050 cujus
1389 3990 1567 4037 tumor

50 4066 83 4106 et
96 4058 216 4115 elatio
240 4079 333 4120 non
354 4068 709 4123 cohibeatur?
740 4068 868 4136 Quis
892 4069 1150 4141 glorietur
1169 4080 1372 4126 castum
1396 4087 1453 4128 se
1473 4072 1568 4127 ha-

50 4144 134 4206 bere
164 4169 276 4223 cor,
311 4169 398 4216 aut
434 4161 559 4232 quis
587 4146 843 4233 glorietur
871 4163 1127 4219 mundum
1156 4179 1214 4219 se
1238 4179 1358 4221 esse
1382 4180 1413 4221 a
1438 4180 1563 4235 pec-

50 4252 129 4295 cato
152 4244 302 4313 (Prov.
330 4268 396 4307 xx
414 4295 428 4319 ,
458 4248 567 4324 9)?

94 4334 276 4396 CAPUT
312 4342 371 4397 11.
410 4375 488 4386 -
527 4342 630 4401 Cur
678 4344 817 4400 Deus
862 4363 959 4401 non
1017 4346 1235 4417 pepercit
1286 4345 1566 4419 Urbi'proo

49 4428 290 4498 Plerjuatos.
317 4433 353 4488 J
358 4440 451 4491 usti
483 4436 677 4491 duobus
703 4439 881 4492 modis.
911 4438 976 4493 Et
1003 4422 1262 4493 mirantur
1288 4437 1561 4505 homines,

48 4526 84 4567 et
112 4521 272 4580 utinam
296 4535 501 4583 tantum
526 4528 849 4583 mirarentur
871 4568 886 4595 ,
914 4536 970 4585 et
1000 4545 1103 4584 non
1128 4526 1289 4584 etiam
1317 4530 1566 4603 blasphe-

50 4619 229 4683 marent,
270 4620 475 4686 quando
522 4618 743 4690 corripit
781 4620 920 4676 Deus
960 4636 1127 4691 genus
1153 4621 1441 4676 humanum
1467 4664 1480 4688 ,
1512 4620 1567 4677 et

52 4696 215 4771 ﬂagellis
237 4710 325 4779 pia:
349 4713 713 4784 castigationis
732 4714 984 4784 exagitat,
1008 4730 1266 4772 exercens
1287 4714 1563 4786 antejudi-

53 4794 507 4875 ciunidisciplinam,
552 4815 606 4862 et
653 4808 966 4879 plerumque
1009 4824 1114 4863 non
1163 4810 1365 4880 eligens
1406 4826 1563 4880 quem

54 4881 249 4959 ﬂagellet,
270 4900 445 4954 nolens
465 4898 701 4955 invenire
718 4916 873 4971 quem
892 4900 1124 4956 damnet.
1146 4900 1400 4972 Flagellat
1423 4903 1563 4957 enim

52 4975 163 5068 simul
179 4984 326 5054 justus
342 5002 391 5047 et
412 4992 637 5063 injustas
668 5013 680 5047 ε
712 5010 1012 5065 quanquam
1033 4996 1151 5067 quis
1173 4996 1367 5068 justus,
1398 4998 1440 5052 si
1462 4996 1563 5052 Da—

54 5066 128 5122 niel
150 5087 329 5140 peccata
357 5084 569 5154 propria
588 5086 917 5139 conﬁtetur?
1052 5066 1055 5067 ν
1178 5066 1185 5068 Ἴ
1424 5076 1425 5079 “

102 5160 144 5215 9-
176 5166 320 5253 {secta
360 5189 439 5233 est
472 5190 594 5234 ante
622 5179 736 5233 dies
764 5179 923 5234 lectio
950 5180 1071 5235 libri
1105 5181 1373 5237 Gcneseos
1397 5224 1412 5250 ,
1444 5199 1564 5253 qua:

56 5262 149 5342 908,
175 5262 258 5317 ﬁ'isi
284 5265 428 5324 fallor
450 5312 467 5339 ,
495 5272 723 5326 multum
748 5271 870 5327 fecit
891 5273 1120 5329 intentos
1139 5317 1153 5342 ,
1183 5274 1271 5330 ubi
1298 5277 1562 5330 Abraham

56 5340 148 5400 dicit
177 5350 403 5429 Domino,
448 5372 620 5421 utrum
656 5364 699 5419 si
730 5365 960 5420 inveniat
987 5365 1038 5418 in
1064 5367 1274 5422 civitate
1301 5368 1565 5438 quinqua-

58 5436 159 5502 ginta
178 5445 355 5520 iustos,
379 5466 555 5527 parcat
580 5456 777 5513 civitati
808 5466 1023 5529 prOpter
1043 5474 1136 5514 eos
1155 5501 1167 5524 ,
1191 5473 1259 5514 an
1284 5436 1403 5515 cum
1437 5436 1567 5530 ipsis

59 5530 203 5621 perdat
235 5542 495 5605 civitatem.
541 5550 608 5605 Et
640 5549 915 5621 reSpondit
949 5552 999 5606 ei
1032 5551 1319 5620 Dominus,
1347 5552 1486 5625 quod
1520 5553 1567 5607 si

63 5625 239 5713 mVillia!
273 5630 321 5689 in
354 5634 558 5696 civitate
582 5639 960 5712 quinquaginta
976 5641 1161 5710 'justos
1182 5682 1197 5705 ,
1227 5651 1410 5713 parcat
1433 5644 1565 5699 civi-

67 5712 146 5767 liti.
171 5716 347 5784 Deinde
369 5730 637 5791 Abraham
657 5733 857 5805 adjecit
878 5733 946 5789 ad
964 5736 1451 5807 interrogationem
1471 5779 1483 5803 ,
1514 5747 1570 5792 ct

62 5807 248 5868 quaint
282 5825 441 5881 utrum
483 5827 531 5883 si
580 5827 763 5883 minus
797 5824 1007 5884 fuerint“
1022 5828 1289 5898 quinque,
1317 5836 1371 5884 et
1395 5843 1569 5885 rcma»

1607 5908 1639 5969 ll.

1191 347 1417 406 SERMO
1458 351 1543 406 DE
1585 352 1785 411 URDIS
1825 356 2117 414 liXCltllO.

3193 383 3295 441 718

1713 477 1874 567 aeaut
1900 472 2507 551 quadragintaquinque
2528 524 2544 551 ,
2568 485 2809 543 similiter
2834 502 3028 559 parcat.
3052 496 3295 567 Respon-

1709 558 1956 657 (lit-Deus
1972 604 1986 629 ,
2019 578 2235 633 parcere
2259 583 2323 624 se
2345 578 2399 626 et
2424 583 2641 644 propter
2668 558 3289 657 quadragintaquinque.

1706 650 1855 719 Quid.
1868 655 2032 710 multa
2051 659 2074 709 Υ
2095 657 2353 717 Paulatim
2372 663 2746 738 interrogando
2764 710 2780 738 ,
2803 679 2943 727 etex
2964 650 3294 736 illo-numero

1707 742 2037 811 detrahendo
2061 753 2389 822 pervenitlad
2414 754 2599 816 decem
2617 799 2634 828 ,
2657 764 3029 832 etquaesivita
3046 768 3292 838 Domino,

1707 845 1899 893 utrum.
1927 840 1971 895 si
2010 841 2197 900 decem
2214 845 2464 916 justosin
2489 852 2703 911 civitate
2727 861 3074 928 compererit,
3109 864 3297 931 perdat

1705 942 1817 1024 eos.
1842 943 1961 987 cum
2001 935 2239 1006 reliquis
2264 940 2737 1007 innumerabilibus
2764 950 2950 1016 malis,
2983 965 3301 1024 anupropter.

1703 1017 1890 1115 decem
1921 1022 2097 1091 justos
2135 1034 2517 1101 pareatpotius
2540 1035 2761 1094 civitati.
2785 1017 3289 1115 Respondit-Deus,

1704 1108 1862 1199 etiam
1891 1122 2107 1185 propter
2135 1116 2524 1192 decemjustos
2552 1142 2658 1183 non
2685 1143 2755 1187 se
2772 1108 3003 1199 perdere
3017 1108 3309 1194 civitatem.

1702 1197 1854 1272 (Gen.
1884 1219 2012 1261 xvm
2041 1247 2054 1274 ,
2087 1208 2298 1281 25-32).
2324 1211 2465 1282 Quid
2488 1232 2617 1288 ergo
2644 1197 2898 1289 dicimus,
2925 1224 3156 1282 fratres?
3180 1227 3289 1284 Oc-

1699 1296 2035 1353 curritenim
2059 1301 2215 1357 nobis
2256 1307 2482 1374 quaestio
2510 1310 2687 1366 valida
2717 1324 2770 1368 et
2795 1314 3116 1383 vehemens,
3149 1335 3289 1388 prae—-

1697 1386 1883 1480 sertim
1923 1388 1990 1444 ab
2033 1390 2334 1463 hominibus
2363 1398 2768 1471 qui‘Scripturis
2791 1408 2989 1463 nostris
3011 1386 3288 1480 impietate

1698 1475 2063 1547 insidiantur,
2091 1498 2198 1539 non
2240 1487 2333 1556 qui
2368 1504 2459 1546 eas
2502 1492 2698 1562 pietate
2736 1498 3051 1567 perquirunt
3070 1475 3101 1567 ;‘
3123 1503 3288 1558 etdi-

1695 1581 1853 1639 cunt,
1900 1576 2130 1634 maxime
2168 1578 2239 1639 de
2280 1585 2484 1647 recenti
2523 1588 2743 1645 excidio
2762 1598 2921 1647 tantae
2951 1595 3093 1651 urbis
3126 1596 3304 1654 :Nont

1695 1678 1847 1725 erant
1862 1669 2055 1728 Romae
2079 1675 2456 1748 quinquaginta
2472 1679 2645 1750 justi?
2666 1683 2720 1739 In
2746 1692 3137 1743 tantonumcro
3150 1688 3284 1746 ﬁde-

1694 1761 1826 1817 lium
1849 1804 1864 1829 ,
1899 1774 2047 1823 tanto
2076 1784 2305 1826 numero
2324 1772 2845 1845 sanctimonialium,
2870 1781 3281 1850 continentium,

1696 1862 1855 1909 tanto
1868 1871 2097 1915 numero
2113 1874 2395 1921 servorun
2419 1876 2475 1921 et
2499 1866 2817 1925 ancillarum
2830 1871 2937 1926 Dei
2954 1908 2974 1938 ,
3000 1884 3111 1928 rrec.
3125 1874 3281 1944 quin.-

1691 1949 1937 2019 quaginta
1973 1951 2109 2021 justi
2147 1955 2377 2012 inveniri
2418 1966 2742 2028 potuerunt,
2774 1977 2874 2017 nec
2897 1963 3276 2034 quadraginta,

1692 2057 1797 2098 nee
1829 2044 2079 2114 triginta,
2120 2063 2220 2104 nec
2259 2049 2477 2120 viginti,
2520 2066 2620 2109 nec
2662 2054 2975 2111 decemeYSi-
2993 2064 3171 2112 autem
3199 2058 3281 2113 in:-

1688 2133 1944 2192 credibile
1979 2146 2063 2193 est
2080 2180 2095 2206 ,
2125 2155 2291 2209 quare
2318 2157 2426 2198 non
2454 2144 2597 2200 Deus
2620 2154 2837 2217 propter
2858 2146 3240 2219 quinquaginta
3259 2190 3277 2214 ,

1688 2229 1772 2283 vel
1809 2230 1969 2286 etiam
2010 2242 2229 2302 propter
2265 2235 2452 2292 decem
2482 2235 2657 2307 justas
2683 2239 3021 2309 pepercit-iiii
3036 2242 3291 2297 ciuitati?

1687 2320 1958 2391 Scriptura
2004 2340 2114 2379 non
2156 2324 2316 2393 fallit,
2358 2327 2404 2382 si
2426 2327 2696 2385 esehomo
2725 2344 2836 2386 non
2859 2329 3022 2386 fallat.
3050 2330 3187 2389 Cum
3208 2333 3291 2388 de

1681 2412 1884 2481 justitia
1926 2416 2180 2485 quaeritur
2203 2458 2217 2481 ,
2262 2425 2317 2471 et
2352 2418 2497 2483 Deus.
2522 2418 2592 2476 de
2608 2419 2811 2489 justitia
2841 2424 3164 2492 respondet;
3184 2424 3279 2493 ju-

1685 2509 2011 2578 stosquwrit
2027 2508 2095 2563 ad
2115 2510 2361 2580 regulam
2374 2510 2619 2569 divinam
2638 2554 2654 2581 ,
2679 2528 2785 2569 non
2809 2513 2879 2569 ad
2908 2516 3155 2584 regulam.
3179 2516 3279 2573 hn—

1685 2612 1917 2653 manam.
1944 2599 2067 2655 Cito
2090 2614 2223 2670 ergo
2250 2601 2555 2671 respondeo
2584 2622 2598 2658 :
2626 2605 2735 2661 Aut
2760 2606 3061 2663 invenitibi
3084 2616 3165 2662 tot
3181 2609 3276 2677 ju-

1683 2700 1795 2745 stos
1818 2732 1834 2756 ,
1867 2700 1923 2746 et
1940 2692 2179 2761 pepercit
2200 2692 2441 2760 civitati;
2472 2695 2629 2749 autsi
2648 2710 2761 2751 non
2781 2698 3018 2766 pepercit
3042 2698 3271 2766 civitati,

1683 2796 1783 2837 nec
1799 2781 1979 2851 justus
2002 2782 2223 2839 invenit.
2247 2782 2355 2841 Sed
2377 2784 2907 2855 respondeturmihi,
2932 2787 3274 2847 manifestum

1683 2888 1802 2930 esse
1826 2873 1968 2944 quod
1994 2874 2133 2931 Deus
2160 2889 2277 2931 non
2289 2875 2527 2946 pepercit
2540 2876 2766 2933 civitati.
2784 2878 3119 2949 Respondeo
3134 2894 3269 2951 ego:

1681 2964 1799 3021 Ima
1834 2968 1967 3023 mihi
1994 2983 2097 3023 non
2126 2976 2209 3024 est
2222 2968 2593 3026 :manifestum.
2620 2970 3025 3032 Perditioenim
3036 2975 3274 3033 civitatis

1681 3058 1752 3113 ibi
1795 3057 1941 3115 facta
1967 3076 2077 3116 non
2098 3070 2211 3125 est,
2245 3062 2395 3119 sicut
2412 3063 2465 3117 in
2492 3061 2912 3122 Sodomisfaeta.
2929 3077 3033 3124 est.
3062 3069 3270 3125 De-So»

1680 3151 2017 3207 domis-enim
2040 3154 2267 3223 quinctio
2290 3164 2405 3209 erat
2422 3195 2441 3221 ,
2465 3156 2676 3225 quando
2700 3157 2875 3215 Deum
2899 3160 3167 3215 Abnaham
3182 3162 3270 3218 ins

1680 3246 1986 3314 terrogavit.
2031 3246 2170 3302 Deus
2198 3256 2381 3302 autem
2394 3248 2564 3313 dixit,
2601 3249 2722 3304 Non
2746 3252 3225 3323 perdamcisitatm
3247 3271 3269 3310 :

1679 3353 1786 3393 non
1829 3338 1994 3405 dixit,
2034 3338 2151 3394 Non
2194 3339 2409 3410 ﬂagello
2445 3341 2734 3398 civitatem.
2760 3343 3007 3400 Sodomis
3026 3359 3143 3401 non
3170 3361 3268 3417 pe.-

1678 3429 1885 3499 percit,
1934 3428 2225 3485 Sodomanr
2268 3430 2499 3501 perdidit
2544 3450 2556 3485 :
2596 3432 3275 3507 Sodomampaitusigne

1652 3522 2044 3593 consumpsit,
2086 3538 2245 3594 quam
2283 3523 2371 3578 ad.
2394 3522 2656 3593 judicium
2691 3536 2805 3581 nent
2820 3525 3058 3596 distulit,
3084 3528 3189 3584 sed
3209 3529 3273 3585 in

1676 3630 1794 3671 eam
1821 3616 2239 3687 exercuitqnod'
2251 3617 2371 3673 aliis
2388 3619 2554 3674 malis
2576 3619 2653 3674 ad
2666 3618 3263 3690 judicimmser’vawit.

1676 3707 1903 3764 Prorsus
1928 3709 2103 3765 nudius
2126 3709 2199 3767 de
2222 3710 2471 3766 Sodomis
2500 3714 2707 3779 evasit;
2730 3715 2863 3769 nihil
2882 3715 3117 3773 hominis
3139 3718 3266 3774 reli-

1675 3808 1818 3854 ctum
1862 3809 1981 3865 est,
2034 3801 2165 3856 nihil
2212 3803 2460 3871 pecoris,
2510 3804 2643 3859 nihil
2687 3806 2966 3862 domorum
3013 3828 3025 3862 :
3072 3820 3265 3867 cuncta

1675 3891 1895 3947 omnino
1923 3892 2063 3962 ignis
2080 3893 2374 3949 absorbuit.
2406 3895 2544 3950 Ecce
2571 3899 2839 3965 quomodo
2862 3900 3264 3971 Dens-perdidit

1674 3984 1961 4039 civitatem.
1987 3986 2071 4039 Ab
2092 3986 2223 4041 urbe
2241 3997 2417 4042 autem
2452 3988 2619 4042 Roma
2649 4006 2807 4058 quam
2836 3994 2987 4047 multi
3015 3996 3263 4050 exierunt

1671 4085 1730 4131 et
1748 4076 1964 4131 redituri
1987 4086 2138 4139 sunt.
2170 4093 2329 4147 quam
2359 4079 2510 4133 multi
2531 4090 2843 4135 manserunt
2862 4091 2916 4136 et
2939 4096 3257 4154 evaserunt,

1672 4184 1829 4238 quam
1860 4168 2009 4224 multi
2040 4169 2090 4224 in
2119 4170 2250 4225 locis
2284 4172 2485 4225 sanctis
2509 4186 2609 4226 nec
2628 4173 2768 4241 tangi
2800 4177 3123 4243 potuerunt!
3152 4176 3275 4234 Sed

1671 4260 1902 4330 captivi,
1944 4260 2225 4329 inquiunt,
2264 4260 2416 4315 multi
2455 4262 2609 4316 ducti
2640 4270 2782 4317 sunt.
2825 4264 2934 4319 lloc
2962 4275 3013 4320 et
3040 4267 3256 4335 Daniel,

1672 4368 1781 4408 non
1815 4350 2215 4422 adsupplicium
2238 4368 2390 4409 suum
2407 4395 2424 4420 ,
2453 4353 2551 4410 sed
2572 4354 2635 4408 ad
2650 4355 2897 4411 solatium
2920 4367 3255 4414 cacterorum.

1672 4444 1780 4501 Sed
1821 4444 2017 4512 multi,
2065 4444 2343 4514 inquiunt,
2392 4446 2559 4501 occisi
2592 4457 2737 4501 sunt.
2779 4447 2892 4503 Hoc
2930 4457 2993 4507 et-
3023 4459 3109 4505 tot
3128 4451 3261 4520 justi

1673 4535 1959 4606 Propheta:
1990 4552 2023 4593 a
2065 4536 2497 4607 sanguine‘rAbel
2535 4553 2703 4608 usque
2728 4539 2791 4593 ad
2826 4542 3263 4611 sanguineum-

1675 4628 1875 4685 chariae
1908 4628 2125 4702 (Matth.
2170 4646 2328 4696 χχιιι,
2376 4631 2471 4701 55)
2505 4650 2517 4684 :
2549 4632 2655 4687 hoc
2678 4634 2953 4688 etiamtot
2974 4638 3257 4706 Apostoli,

1678 4719 1781 4775 hoc
1802 4720 1923 4790 ipse
1943 4719 2200 4776 Dominus
2228 4720 2618 4790 Prophetarum
2646 4731 2709 4777 ett
2728 4724 3125 4793 Apostolorum.
3152 4729 3273 4787 Sed

1675 4812 1875 4881 multi,
1926 4812 2213 4882 inquiunt,
2262 4814 2538 4870 tormentis
2581 4815 2741 4869 variis
2782 4819 3259 4879 excruciatitsunt.

1676 4906 2002 4962 Putamnsne
2026 4905 2302 4976 quisquam
2329 4912 2531 4961 tantum
2550 4916 2803 4975 quantum
2823 4909 2962 4967 Job?
3160 4916 3169 4922 ‘

1750 4998 1806 5053 5.
1830 4996 2105 5053 Horrenda
2132 4995 2546 5053 nobis-nuntiata
2567 5009 2723 5065 sunt;
2747 5008 2954 5072 strages
2982 5003 3117 5061 facta
3138 5045 3154 5071 ,
3179 5008 3265 5062 in-

1677 5087 1904 5157 cendia,
1951 5088 2180 5158 rapinae,
2232 5087 2668 5157 interfectiones,
2712 5097 3133 5154 excruciationcs
3167 5098 3264 5154 ho-

1677 5184 1901 5238 minum.
1926 5180 2125 5237 Verum
2150 5189 2267 5249 est,
2296 5184 2467 5239 multa,
2489 5184 2791 5243 audivimus
2813 5229 2827 5256 ,
2855 5192 3033 5247 omnia
3060 5196 3263 5263 gemui-

1677 5291 1853 5343 musv,
1901 5288 2044 5344 saepe
2088 5273 2332 5334 ﬁevimns
2364 5318 2382 5346 ,
2429 5277 2519 5333 vix
2568 5279 2829 5338 consolati
2874 5298 3106 5351 sumus;
3157 5302 3264 5341 non

1678 5368 1857 5423 abnuo
1884 5410 1913 5433 ,.
1948 5380 2069 5427 non.
2096 5382 2245 5439 nego.
2276 5369 2457 5425 multa
2483 5384 2599 5425 nos.
2620 5372 2867 5440 audisse,
2906 5375 3069 5430 multa
3100 5375 3152 5429 in
3176 5376 3265 5432 illa

1679 5461 1813 5516 urbe
1836 5474 1956 5516 esse
1978 5459 2284 5519 commissa.

1753 5550 1981 5608 CAPUT
2008 5551 2096 5609 Ill.
2122 5582 2195 5615 -τ-
2216 5550 2283 5609 lu
2309 5555 2595 5610 vastatione,
2616 5552 2933 5610 Urbis-nihil.
2948 5556 3269 5628 Mazac-

1680 5647 1802 5702 cidit
1829 5646 2114 5702 calamitate
2135 5646 2255 5701 Job.
2283 5646 2660 5703 Verumtamen
2680 5687 2697 5714 ,
2725 5648 2914 5703 fratres
2938 5650 3041 5706 mei
3064 5650 3264 5719 (inten-

1680 5737 1775 5793 dat
1811 5735 2058 5793 Charitas
2104 5745 2277 5794 vestra
2322 5738 2463 5808 quod
2506 5737 2688 5807 dico).
2728 5738 3039 5805 audivimus.
3070 5741 3270 5801 librum

1683 5831 1848 5885 sancti
1894 5830 2025 5898 Job,
2069 5829 2206 5899 quod
2248 5830 2469 5898 perditis
2505 5829 2699 5899 rebus,
2734 5831 2952 5903 perditis
2977 5833 3134 5904 filiis,
3168 5849 3275 5891 nec.
