3860 6284
541 383 644 439 ’119

535 497 706 565 ipsam
744 507 960 550 carnem
1004 506 1122 562 quae
1162 490 1236 546 illi
1266 489 1378 545 sola
1415 492 1772 550 remanserat,
1801 482 2000 537 salvam
2029 493 2125 550 po-

477 649 481 652 ,
536 590 640 644 tuit
679 587 954 651 obtinere;
997 583 1091 641 sed
1132 597 1416 655 percussus
1451 579 1596 651 gravi
1641 576 1858 633 vulnere
1896 590 1926 628 a
1954 573 2126 641 capite

536 695 712 752 usque
758 679 825 735 ad
876 677 1078 749 pedes,
1128 675 1350 732 sedebat
1395 673 1448 728 in
1489 681 1766 732 stercore,
1815 673 2128 738 putrescens

536 775 756 838 ulcere,
803 772 952 828 sanie
996 770 1198 835 ﬂuens,
1245 767 1516 823 vermibus
1560 770 1807 827 scatens,
1849 755 2131 815 tormentis

538 864 902 922 acerbissimis
940 862 1184 918 dolorum
1222 858 1504 915 cruciatus.
1546 854 1604 912 Si
1634 853 1786 909 nobis
1812 853 1890 908 sic
1915 849 2128 905 nuntia-

538 967 692 1013 retur
730 956 978 1010 universa
1002 953 1188 1008 civitas
1217 950 1405 1005 sedere
1423 990 1438 1015 ,
1469 947 1689 1012 sedere,
1718 945 1968 1016 inquam,
1997 940 2132 997 civi-

541 1056 628 1102 tas
664 1047 907 1102 universa
930 1087 945 1108 ,
976 1042 1125 1096 nullo
1150 1041 1221 1096 ibi
1257 1054 1387 1094 sano
1408 1080 1424 1107 ,
1457 1039 1510 1092 in
1537 1036 1853 1108 gravissimo
1875 1032 2094 1088 vulnere
2113 1072 2128 1097 ,

543 1139 720 1202 et_sic
759 1145 1062 1207 putrescere
1105 1132 1375 1187 vermibus
1418 1131 1604 1198 vivos,
1644 1126 1910 1199 quomodo
1938 1123 2132 1180 mortui

543 1235 862 1300 putruerunt
891 1244 903 1279 :
934 1225 1075 1295 quod
1115 1234 1230 1279 erat
1254 1223 1468 1294 gravius
1486 1221 1512 1274 ‘I
1542 1221 1742 1284 hocne,
1768 1234 1839 1273 an
1867 1215 1994 1271 illud
2023 1214 2135 1269 bel-

541 1319 695 1376 lum?
729 1319 866 1374 Puto
902 1315 1046 1386 quod
1085 1315 1263 1368 mitius
1294 1316 1344 1368 in
1373 1327 1589 1368 carnem
1619 1311 1903 1365 humanam
1934 1307 2133 1362 ferrum

543 1408 790 1472 stnviret,
843 1421 1001 1477 quam
1048 1420 1296 1469 vermes;
1345 1401 1672 1458 tolerabilius
1714 1400 1782 1455 de
1832 1397 2137 1453 vulneribus

544 1499 762 1570 sanguis
797 1505 1135 1565 erumperet,
1176 1509 1332 1565 quam
1363 1493 1429 1549 de
1461 1491 1737 1563 putredine
1763 1490 1940 1545 sanies
1964 1487 2136 1544 distil-

543 1593 701 1648 laret.
751 1589 991 1646 Cadaver
1031 1589 1303 1658 corrumpi
1332 1586 1551 1657 respicis
1575 1628 1590 1653 ,
1623 1593 1678 1640 et
1704 1581 1968 1638 horrescis
1999 1598 2014 1636 :
2044 1579 2140 1636 sed

547 1684 668 1739 ideo
694 1684 868 1737 minor
894 1696 1047 1752 paena
1074 1724 1087 1745 ,
1116 1678 1256 1750 quod
1285 1679 1480 1734 absens
1507 1677 1705 1732 anima.
1729 1677 1798 1728 At
1817 1687 1944 1728 vero
1966 1673 2017 1728 in
2039 1669 2142 1727 Job

546 1789 788 1845 praesens
813 1774 988 1828 anima
1009 1787 1128 1842 qua:
1153 1770 1404 1835 sentiret,
1435 1768 1594 1839 ligata
1615 1782 1682 1823 ne
1704 1767 1938 1838 fugeret,
1962 1763 2140 1833 subje-

547 1880 634 1924 cta
669 1877 730 1924 ut
761 1867 994 1932 doleret,
1037 1875 1353 1934 compuncta
1393 1872 1450 1917 ut
1489 1859 1944 1931 blasphemaret‘.
1971 1856 2143 1913 Susti-

550 1964 669 2016 nuit
691 1969 868 2014 autem
898 1960 918 1990 '
951 1956 1347 2012 tribulationem
1376 1953 1505 2020 Job,
1535 1961 1590 2008 et
1616 1953 1928 2022 deputatum
1956 1957 2039 2004 est
2068 1946 2144 2002 illi

552 2053 620 2110 ad
665 2067 908 2123 magnam
943 2050 1223 2122 justitiam.
1261 2049 1377 2104 Non
1420 2062 1550 2116 ergo
1591 2048 1868 2118 quisquam
1909 2041 2148 2099 attendat

551 2147 678 2218 quid
713 2146 940 2217 patiatur
959 2186 974 2210 ,
1003 2143 1096 2198 sed
1124 2142 1248 2213 quid
1281 2142 1453 2196 faciat.
1487 2140 1688 2203 Homo,
1718 2140 1768 2194 in
1791 2153 1856 2194 eo
1881 2137 2021 2209 quod
2050 2149 2145 2206 pa-

553 2239 684 2295 teris
704 2280 718 2304 ,
754 2245 992 2309 potestas
1018 2245 1104 2290 tua
1131 2250 1237 2288 non
1271 2242 1356 2289 est
1381 2251 1395 2288 :
1427 2232 1480 2286 in
1509 2246 1576 2287 eo
1603 2230 1743 2301 quod
1770 2231 1924 2294 facis,
1954 2227 2147 2283 volun-

556 2342 638 2388 tas
680 2341 765 2386 tua
796 2330 880 2385 vel
918 2343 1117 2383 nocens
1147 2327 1229 2381 vel
1261 2327 1518 2382 innocens
1543 2333 1645 2379 est.
1676 2322 1980 2378 Patiebatur
2003 2319 2106 2376 Job
2127 2360 2144 2386 ,

560 2425 738 2480 stabat
778 2423 971 2478 mulier
1008 2421 1194 2476 relicta
1231 2419 1384 2485 sola,
1431 2431 1538 2473 non
1579 2415 1646 2470 ad
1688 2414 2105 2470 consolationem
2128 2451 2146 2477 ,

556 2518 653 2573 sed
702 2517 766 2571 ad
813 2515 1200 2578 tentationem;
1250 2526 1357 2567 non
1402 2526 1522 2582 qua:
1551 2509 1766 2564 afferret
1792 2507 2144 2571 medicinam,

558 2610 654 2666 sed
681 2624 800 2680 quae
829 2615 1074 2663 moneret
1100 2603 1490 2675 blasphemiam
1522 2619 1536 2657 :
1568 2599 1666 2656 Dic
1690 2598 1914 2670 aliquid,
1946 2598 2148 2668 inquit,

557 2703 613 2756 in
649 2700 815 2756 Deum
837 2740 850 2764 ,
883 2709 930 2753 et
955 2713 1165 2752 morere.
1199 2694 1390 2750 Videte
1415 2690 1863 2765 quemadmodum
1902 2689 1981 2744 illi
2015 2688 2152 2743 mori

559 2792 877 2849 beneﬁcium
923 2791 1021 2845 fuit
1042 2831 1054 2855 ,
1087 2798 1144 2844 et
1174 2789 1278 2844 tale
1307 2786 1622 2844 beneﬁcium
1652 2799 1810 2840 nemo
1836 2782 2015 2839 dabat.
2047 2781 2152 2837 Sed

562 2888 617 2940 in
639 2884 722 2939 his
749 2883 999 2939 omnibus
1023 2896 1145 2952 qua:
1174 2888 1354 2936 sancta
1377 2879 1561 2936 anima
1581 2877 1915 2941 sustinebat,
1943 2875 2152 2945 patien-

560 2977 634 3031 tia
651 2973 1019 3042 exercebatur,
1039 2971 1172 3027 fides
1194 2970 1533 3042 probabatur,
1548 2969 1740 3023 mulier
1757 2957 2150 3034 confutabatur,

563 3065 813 3122 diabolus
838 3063 1164 3119 vincebatur.
1192 3061 1564 3132 Spectaculum
1593 3073 1842 3130 magnum
1867 3100 1882 3123 ,
1909 3065 1964 3114 et
1991 3058 2046 3112 in
2067 3057 2155 3112 illa

562 3157 807 3214 feditatc
860 3155 1156 3227 putredinis
1207 3153 1462 3225 praeclara
1510 3151 1848 3223 pulchritudo
1897 3149 2152 3204 virtutis!

562 3249 750 3304 Yastat
785 3249 1013 3305 latenter
1050 3245 1298 3301 inimicus
1343 3262 1356 3298 :
1401 3252 1587 3314 aperte
1615 3243 1814 3298 malum
1841 3240 2032 3297 suadet
2056 3241 2156 3295 ini-

561 3341 741 3405 mica;
785 3339 1104 3410 adiutorium
1148 3337 1382 3403 diaboli,
1424 3352 1532 3391 non
1581 3336 1802 3401 mariti;
1841 3335 1952 3389 Eva
1980 3348 2153 3402 nova,

563 3431 661 3487 sed
681 3431 770 3487 ille
795 3446 903 3486 non
925 3438 1080 3485 vetus
1104 3429 1274 3484 Adam
1305 3446 1318 3481 :
1348 3429 1441 3483 Dic
1464 3429 1660 3499 aliquid
1684 3428 1739 3482 in
1763 3425 1928 3481 Deum
1943 3467 1958 3493 ,
1984 3434 2030 3481 et
2048 3441 2159 3480 mo-

564 3538 695 3576 rere.
741 3519 1170 3591 Blasphemando
1216 3530 1512 3590 extorque,
1558 3519 1700 3589 quod
1745 3517 2013 3588 precando
2051 3532 2157 3574 non

564 3622 723 3687 potes
760 3613 1068 3683 impetrare.
1108 3611 1302 3666 Locuta
1335 3628 1386 3666 es
1407 3653 1422 3679 ,
1476 3611 1677 3682 inquit,
1708 3621 1947 3683 tanquam
1971 3628 2073 3666 una
2098 3628 2161 3668 ea:

567 3706 919 3776 insipientibus
947 3704 1259 3760 mulieribus.
1288 3704 1561 3760 Attendite
1587 3705 1750 3760 verba
1779 3704 1930 3760 fortis
1953 3704 2156 3773 ﬁdelis;

567 3797 827 3853 attendite
853 3796 1015 3851 verba
1044 3794 1175 3850 foris
1203 3797 1580 3866 putrescentis,
1613 3797 1756 3852 intus
1785 3797 1974 3868 integri
2006 3815 2022 3852 :
2052 3796 2158 3852 Lo-

567 3899 686 3944 cuta
723 3906 774 3944 es
794 3931 809 3958 ,
848 3889 1048 3960 inquit,
1081 3898 1320 3961 tanquam
1353 3906 1457 3944 una
1483 3906 1544 3946 et:
1565 3890 1915 3962 insipientibus
1937 3890 2164 3947 mulieri-

569 3983 680 4035 bus.
727 3981 788 4036 Si
827 3982 956 4037 bona
999 3982 1311 4052 percepimus
1343 3983 1408 4037 de
1431 3999 1585 4038 manu
1608 3982 1855 4051 Domini,
1896 3985 2032 4039 mala
2059 4001 2162 4040 non

566 4072 921 4128 sustinebimus
943 4072 1064 4145 (Job
1089 4089 1128 4140 ι,
1158 4085 1204 4128 et
1231 4076 1289 4145 ιι)
1309 4074 1332 4128 ?
1355 4074 1514 4130 Pater
1552 4085 1636 4132 est
1657 4093 1673 4144 ;
1698 4078 1952 4148 numquid
1973 4094 2160 4134 amano

568 4162 671 4218 dus
699 4163 979 4220 blandiens
998 4205 1012 4230 ,
1039 4171 1094 4219 et
1123 4165 1458 4234 respuendus
1483 4169 1778 4240 corripiens
1795 4170 1821 4224 ?
1848 4169 2033 4227 Nonne
2063 4189 2160 4244 pa-

569 4264 654 4310 ter
691 4262 812 4322 est,
853 4263 908 4309 et
951 4255 1270 4325 promittens
1303 4257 1463 4312 vitam
1485 4301 1500 4324 ,
1533 4270 1587 4316 et
1611 4261 1892 4332 imponens
1921 4262 2161 4333 discipli-

569 4349 737 4404 nam?
780 4348 1066 4403 Exciditne
1111 4349 1204 4404 tibi
1253 4367 1266 4403 :
1315 4349 1456 4420 Fili,
1501 4355 1742 4410 accedens
1780 4357 1848 4410 ad
1878 4358 2162 4414 servitutem

569 4440 667 4496 Dei
689 4479 707 4508 ,
734 4451 812 4495 sta
836 4441 890 4494 in
906 4440 1110 4512 justitia
1137 4451 1183 4494 et
1216 4442 1420 4509 timore,
1443 4452 1490 4497 et
1515 4459 1749 4515 prepara
1772 4449 1996 4503 animant
2023 4459 2163 4506 tuam

569 4535 640 4590 ad
695 4534 1064 4589 tentationem?
1103 4533 1265 4587 Omne
1320 4535 1455 4605 quod
1499 4537 1591 4590 tibi
1635 4539 1931 4609 applicitum
1973 4545 2156 4613 fuerit,

570 4626 784 4699 accipe;
806 4635 854 4681 et
892 4625 946 4681 in
972 4624 1148 4680 dolore
1169 4626 1378 4693 sustine,
1393 4638 1438 4681 et
1465 4629 1518 4682 in
1546 4629 1826 4686 humilitate
1852 4641 1940 4687 tua
1963 4637 2161 4705 patien-

572 4720 696 4773 tiam
733 4718 860 4774 habe
893 4737 913 4774 :
949 4719 1189 4790 quoniam
1213 4720 1266 4774 in
1293 4725 1407 4791 igne
1436 4723 1678 4792 probatur
1703 4741 1885 4779 aurum
1911 4737 1957 4782 et
1981 4745 2164 4800 argen-

574 4821 683 4864 tum
707 4851 720 4874 ,
757 4811 982 4866 homines
1021 4827 1133 4866 vero
1170 4811 1501 4882 acceptabiles
1536 4815 1588 4869 in
1626 4817 1824 4873 camino
1855 4819 2162 4883 humiliatio-

571 4903 652 4955 nis
690 4900 876 4970 (Eccli.
922 4919 988 4966 ll,
1030 4903 1145 4975 1-5)
1165 4903 1190 4958 Ῡ
1213 4903 1496 4962 Exciditne
1525 4907 1618 4963 tibi
1648 4926 1660 4962 :
1695 4909 1855 4978 Quem
1880 4913 2010 4966 enim
2036 4913 2160 4968 dili-

573 4993 646 5066 git
685 4991 932 5049 Dominus
952 5037 967 5061 ,
1009 4996 1253 5067 corripit;
1295 5000 1524 5070 flagellat
1553 5013 1718 5057 autem
1743 5021 1941 5060 omnem
1967 5005 2160 5063 Filium

571 5101 718 5157 quem
744 5085 917 5156 recipit
951 5085 1130 5158 (Prov.
1161 5104 1214 5143 nt
1235 5130 1248 5154 ,
1282 5090 1379 5157 12,
1404 5102 1452 5146 et
1476 5092 1634 5148 Hebr.
1662 5112 1765 5165 xtl,
1797 5096 1852 5170 6)
1872 5098 1898 5152 7

642 5175 865 5233 CAPUT
896 5177 984 5232 iV.
1008 5208 1078 5218 —
1093 5181 1148 5234 4.
1177 5179 1443 5238 Cruciatus
1476 5190 1774 5257 temporales
1795 5207 1911 5246 cum
1932 5193 2160 5263 gehenna

571 5269 851 5339 comparati
897 5285 1051 5342 quam
1101 5270 1252 5325 leues.
1311 5271 1494 5343 Cogita
1543 5280 1806 5348 quoslibet
1864 5285 2156 5357 cruciatus,

573 5359 801 5418 extende
827 5361 1064 5416 animum
1095 5361 1149 5417 in
1177 5363 1446 5433 quaslibet
1490 5367 1544 5423 in
1572 5367 1677 5427 hac
1705 5373 1814 5430 vita
1841 5390 2027 5448 poenas
2055 5378 2156 5433 hu-

569 5467 792 5520 manas;
824 5469 1075 5525 compara
1123 5454 1191 5512 ad
1235 5456 1574 5532 gehennam,
1623 5473 1678 5519 et
1725 5467 1841 5524 leve
1869 5483 1949 5526 est
1995 5487 2157 5530 omne

572 5547 714 5618 quod
739 5549 965 5620 cogitas.
997 5548 1098 5606 Hic
1127 5552 1456 5623 temporalis,
1483 5555 1556 5610 ibi
1594 5567 1825 5617 aeternus
1851 5571 1953 5630 est,
1983 5575 2040 5620 et
2066 5568 2157 5636 qui

638 5770 653 5843 ξ
687 5769 919 5843 ξοηρυηᾳ
1050 5764 1374 5843 restituuntur
1396 5791 1456 5843 οξ
1480 5780 1755 5830 Michaelino
1776 5790 1855 5831 Ms.

636 5833 654 5859 ι
690 5837 761 5876 tir.
788 5833 933 5892 Lugd.
959 5840 1076 5880 Ven.
1103 5843 1230 5895 I.ov.,
1255 5838 1475 5888 sustinuit
1495 5847 1666 5890 tamen.
1736 5851 1787 5889 λς.

1745 369 1802 422 s.
1847 360 2212 422 AUGUS’I‘INI
2261 361 2559 419 EPISCOPI
3007 341 3010 346 ’
3636 361 3710 420 no

2233 489 2445 551 torquet
2471 489 2525 535 et
2549 480 2636 550 qui
2667 485 2962 550 torquetur.
2991 473 3256 547 Numquid
3298 474 3718 547 adhuc.patiuntur,
3845 537 3847 562 1

2233 572 2324 642 qui
2355 572 2446 626 illo
2472 580 2712 640 tempore
2755 570 2896 640 passi
2927 576 3080 636 sunt,
3121 581 3226 639 quo
3246 566 3406 622 Roma
3445 578 3620 624 vastata
3641 573 3761 626 est?‘
3846 593 3847 616 ξ

2234 663 2394 718 Dives
2419 670 2596 718 autem
2621 661 2710 717 ille
2732 661 2906 717 adhuc
2926 661 3066 731 apud
3084 659 3279 714 inferos
3305 659 3485 728 patitur
3505 659 3626 730 (Luc.
3643 677 3724 731 ru,

2237 756 2450 830 19-26).
2480 757 2656 822 Arsit,
2687 755 2872 822 ardet,
2903 755 3142 820 ardebit;
3173 753 3311 808 vivet
3355 768 3506 823 usque
3538 753 3594 808 ad
3630 756 3730 824 judi-

2235 848 2376 904 cium
2408 866 2420 902 :
2452 849 2674 920 recipiet
2699 863 2936 914 carnem,
2983 863 3086 902 non
3128 845 3194 902 ad
3238 845 3561 910 beneﬁcium,
3586 847 3660 902 sed
3689 849 3733 903 ad

2237 941 2574 1010 supplicium.
2600 941 2722 996 Illas
2746 955 2931 1012 ptenas
2957 940 3259 1005 timeamus,
3285 938 3330 994 si
3353 938 3507 994 Deum
3531 939 3734 996 timemus.

2238 1033 2502 1104 Quidquid
2526 1032 2613 1087 hic
2638 1047 2827 1102 passus
2845 1032 3006 1088 fuerit
3025 1034 3206 1096 homo,
3225 1032 3268 1086 si
3296 1033 3587 1102 corrigatur,
3606 1047 3737 1088 emen-

2239 1127 2383 1182 datio
2410 1136 2494 1183 est
2521 1146 2536 1184 :
2563 1127 2609 1184 si
2635 1142 2734 1184 nec
2760 1127 2838 1182 sic
2863 1126 3180 1197 corrigatur,
3204 1124 3397 1195 duplex
3419 1123 3653 1180 damnatio
3670 1135 3737 1181 est.

2239 1218 2310 1275 Et
2342 1219 2430 1276 hic
2459 1220 2603 1276 enim
2633 1221 2729 1277 luit
2758 1234 2945 1290 poenas
2974 1219 3314 1289 temporales,
3339 1227 3392 1274 et
3419 1217 3485 1273 ibi
3513 1218 3741 1288 experietur

2241 1322 2487 1368 aeternas.
2527 1313 2656 1369 Dico
2704 1312 2960 1368 Charitati
3002 1320 3224 1376 vestrae,
3269 1311 3454 1366 fratres
3498 1327 3509 1362 :
3549 1318 3742 1382 martyres

2243 1414 2391 1460 certe
2449 1413 2662 1461 sanctos
2711 1405 3007 1466 laudamus,
3039 1403 3396 1475 gloriﬁcamus
3415 1445 3430 1471 ,
3458 1402 3744 1468 admiramur;

2243 1497 2360 1554 dies
2381 1513 2567 1554 eorum
2587 1499 2675 1568 pia
2698 1497 3037 1554 solemnitate
3056 1497 3409 1564 celebramus,
3433 1495 3600 1551 merita
3618 1511 3749 1552 eorum
3839 1541 3848 1572 .,

2244 1603 2582 1656 veneramur,
2611 1597 2686 1657 et,
2715 1588 2760 1645 si
2790 1604 3095 1659 possumus,
3122 1589 3411 1644 imitamur.
3439 1589 3527 1643 Est
3560 1587 3751 1658 profecto,

2248 1691 2330 1738 est
2361 1698 2547 1754 magna
2573 1689 2868 1756 martyrum
2896 1682 3100 1753 gloria;
3133 1682 3224 1737 sed
3252 1681 3434 1737 nescio
3451 1690 3607 1736 utrum
3631 1681 3756 1736 minor

2245 1776 2414 1846 gloria
2460 1776 2558 1830 fuit
2595 1776 2763 1831 sancti
2790 1775 2892 1832 Job
2919 1793 2932 1830 :
2963 1790 3063 1831 nec
3094 1781 3270 1831 tamen
3296 1775 3345 1830 ei
3370 1773 3637 1839 dicebatur,
3655 1771 3758 1826 Thus

2250 1884 2390 1938 pone
2428 1867 2622 1934 idolis,
2666 1867 2903 1922 sacriﬁca
2949 1866 3051 1922 diis
3079 1867 3270 1922 alienis
3294 1909 3310 1932 ,
3357 1881 3485 1936 nega
3518 1864 3756 1928 Christum;
3846 1931 3847 1936 η

2250 1961 2527 2017 dicebatur
2556 1970 2731 2017 tamen
2757 2001 2773 2027 ,
2817 1959 3130 2030 Blasphema
3160 1959 3354 2015 Deum.
3392 1959 3497 2015 Nec
3536 1958 3758 2021 dicebatur,

2250 2063 2309 2109 ut
2348 2053 2750 2123 intelligeretur,
2779 2052 2836 2108 Si
2873 2051 3329 2122 blasphemaveris
3350 2070 3380 2116 ,'
3409 2050 3614 2123 putredo
3641 2049 3759 2104 omnis
3846 2114 3847 2117 η

2251 2148 2566 2203 abscessura
2608 2145 2910 2218 sanitasque
2934 2145 3168 2202 reditura
3206 2154 3293 2202 est
3323 2165 3337 2201 :
3367 2145 3480 2211 sed,
3507 2145 3558 2201 Si
3579 2145 3760 2214 blasphe-

2255 2241 2506 2306 maveris,
2555 2239 2766 2295 dicebat
2809 2239 2986 2307 inepta
3017 2246 3071 2293 et
3099 2239 3299 2294 insulsa
3331 2239 3534 2302 mulier,
3561 2236 3760 2300 morieris,

2254 2339 2309 2399 et
2337 2331 2616 2387 moriendo
2655 2331 2941 2386 tormentis
2986 2330 3218 2386 carebis.
3250 2331 3417 2399 Quasi
3441 2345 3559 2385 vero
3582 2329 3764 2384 morienti
3837 2367 3839 2370 ι

2256 2423 2570 2495 blasphemo
2597 2439 2702 2479 non
2730 2433 2964 2480 aeternus
3004 2423 3159 2479 dolor
3196 2423 3522 2479 succederet.
3549 2422 3700 2477 Mulier
3717 2420 3765 2473 {ac
3833 2485 3838 2490 .

2256 2527 2346 2573 tua
2375 2517 2658 2587 praesentis
2686 2515 2980 2586 putredinis
3046 2515 3302 2571 horrebat
3334 2516 3632 2580 molestiam,
3661 2524 3766 2568 ater-

2257 2624 2379 2664 nam
2411 2607 2678 2663 ﬂammam
2718 2607 2938 2663 minime
2966 2607 3250 2678 cogitabat.
3289 2606 3516 2662 Ferebat
3561 2606 3636 2661 ille
3674 2619 3766 2674 pra-

2257 2717 2382 2758 sens
2412 2703 2631 2768 malum,
2664 2717 2730 2757 ne
2761 2701 3022 2759 incideret
3061 2701 3112 2755 in
3146 2701 3406 2757 futurum.
3434 2701 3648 2756 Tenebat
3666 2713 3769 2753 cura
3846 2757 3847 2762 η

2258 2797 2399 2851 mala
2429 2797 2766 2867 cogitatione,
2797 2795 3030 2865 linguam
3060 2811 3091 2850 a
3113 2795 3431 2860 maledicto;
3467 2793 3680 2848 servabat
3695 2790 3770 2843 aui-

2259 2905 2362 2946 mas
2391 2891 2746 2962 integritatem
2773 2888 2826 2942 in
2859 2887 3138 2958 putredine
3172 2887 3442 2958 corporis.
3477 2885 3670 2939 Videbat
3689 2879 3771 2950 quid

2259 2983 2314 3038 in
2342 2983 2578 3038 futurum
2614 2981 2908 3047 evadebat;
2939 2981 3060 3037 ideo
3087 2980 3230 3052 quod
3273 2980 3581 3054 patiebatur,
3611 2975 3769 3032 ferebat.

2260 3081 2368 3147 Sic,
2395 3082 2473 3137 sic
2493 3081 2859 3152 unusquisque
2889 3078 3215 3135 christianus
3259 3075 3475 3148 quando
3508 3075 3700 3145 aliquam
3721 3071 3772 3123 af-

2260 3171 2549 3228 ﬂictionem
2595 3172 2839 3243 corporis
2878 3170 3100 3241 patitur,
3129 3171 3408 3240 gehennas
3445 3167 3639 3239 cogitet,
3665 3171 3705 3217 et
3726 3160 3774 3213 ri-

2263 3262 2392 3320 deat
2437 3278 2597 3335 quam
2630 3261 2747 3319 leve
2789 3261 2914 3319 est'
2959 3260 3101 3332 quod
3146 3261 3370 3332 patitur.
3415 3259 3524 3315 Non
3553 3261 3775 3313 murmure:
3846 3311 3847 3317 γ

2263 3354 2547 3410 adversum
2595 3354 2783 3422 Deum,
2831 3369 2938 3408 non
2983 3353 3164 3409 dicat:
3195 3353 3362 3421 Deus,
3413 3352 3534 3424 quid
3578 3349 3653 3405 tibi
3687 3345 3771 3406 feci,
3846 3371 3847 3386 ι

2263 3460 2432 3515 quare
2479 3445 2579 3500 ista
2625 3445 2840 3516 patior?
2886 3444 2998 3500 lmo
3048 3445 3192 3502 dicat
3247 3445 3396 3516 quod
3441 3444 3568 3499 dixit
3601 3443 3691 3511 ipse
3710 3437 3778 3492 Job

2265 3537 2507 3608 quamvis
2535 3545 2751 3592 sanctus
2783 3553 2796 3591 :
2826 3536 3108 3610 Exquisisti
3129 3537 3304 3592 omnia
3332 3546 3530 3608 peccata
3557 3549 3665 3598 mea,
3688 3539 3776 3584 em

2266 3639 2507 3701 tanquam
2530 3630 2584 3684 in
2609 3630 2811 3685 sacculo
2839 3630 3052 3702 signasti
3079 3629 3198 3702 (Job
3225 3646 3340 3699 le,
3387 3630 3473 3698 16,
3506 3629 3608 3702 i7).
3632 3625 3718 3681 Non
3736 3636 3775 3676 se

2265 3738 2426 3778 ausus
2454 3731 2539 3779 est
2557 3722 2737 3779 dicere
2758 3724 2874 3779 sine
2897 3729 3138 3794 peccato,
3185 3725 3280 3794 qui
3307 3724 3609 3797 patiebatur,
3641 3731 3718 3774 non
3740 3719 3777 3767 ut

2267 3818 2564 3888 puniretur,
2599 3816 2695 3872 sed
2718 3825 2776 3873 ut
2802 3818 3136 3888 probaretur.
3175 3815 3292 3873 Hoc
3316 3817 3461 3873 dicat
3487 3810 3775 3884 unusquisque

2266 3925 2389 3967 cum
2411 3910 2628 3981 patitur.

2337 4005 2564 4062 CAPUT
2595 4004 2660 4060 ν.
2685 4035 2754 4046 -
2790 4005 2844 4060 5.
2881 4003 3021 4060 Justi
3041 4003 3222 4061 Bonus
3243 4021 3317 4060 an
3345 4021 3446 4060 non
3469 3998 3719 4060 exstiterint,
3741 3999 3776 4044 ιε

2267 4110 2473 4173 prapter
2493 4099 2630 4172 ipsos
2677 4098 2804 4156 Urbi
2822 4107 3130 4170 parceretur.
3175 4097 3404 4154 Peccata
3451 4111 3558 4169 qua:
3589 4108 3671 4147 non
3702 4087 3776 4157 ﬁcte

2266 4197 2604 4266 conﬁteantur
2629 4211 2800 4250 omnes
2837 4194 3040 4249 habent.
3077 4194 3320 4250 Fuerunt
3360 4194 3540 4260 Roma:
3580 4188 3774 4261 quinqua-

2265 4289 2410 4360 ginta
2425 4288 2576 4358 justi,
2603 4287 2768 4359 imo;si
2794 4285 3009 4341 modum
3034 4285 3330 4342 humanum
3349 4282 3648 4344 consideres,
3663 4271 3773 4331 millia

2262 4381 2526 4453 justorum
2560 4399 2574 4436 :
2603 4381 2648 4437 si
2700 4382 2933 4452 regulam
2983 4381 3349 4452 perfectionis,
3401 4396 3550 4437 nemo
3577 4373 3771 4448 justorum

2267 4477 2465 4531 existit.
2493 4475 2826 4546 Quicumque
2850 4473 3038 4546 Roma:
3065 4478 3155 4547 qui
3182 4492 3241 4532 se
3270 4476 3465 4532 audeat
3487 4475 3662 4544 justum
3679 4466 3772 4522 die?

2266 4582 2347 4634 re,
2379 4583 2411 4622 a
2457 4583 2544 4623 me
2588 4584 2694 4622 non
2737 4567 2884 4622 audit
2909 4569 2930 4600 ³
2967 4585 2980 4622 :
3015 4567 3284 4639 Numquid
3321 4583 3376 4623 tu
3402 4566 3652 4638 sapientior
3670 4571 3770 4630 quam

2267 4659 2454 4714 Daniel
2474 4657 2685 4730 (Ezech.
2717 4675 2908 4726 xxvnt,
2941 4658 3040 4732 3)?
3071 4661 3207 4716 Audi
3235 4677 3364 4732 ergo
3393 4660 3531 4715 illum
3573 4653 3768 4711 conﬁten-

2268 4763 2375 4810 tem
2403 4763 2617 4827 peccata
2651 4769 2744 4811 sua
2773 4753 2936 4833 (Dan.
2967 4771 3046 4821 ix,
3075 4754 3198 4826 ρο).
3224 4758 3304 4811 An
3332 4754 3464 4811 forte
3482 4768 3590 4810 cum
3614 4749 3768 4804 coalito

2270 4846 2445 4913 batur,
2493 4827 3066 4903 mentiebatur?illinc
3106 4863 3234 4918 ergo
3281 4847 3508 4903 habebat
3543 4849 3768 4913 peccatum,
3846 4827 3847 4872 ἒ

2268 4938 2392 5010 quia
2417 4939 2482 4996 de
2506 4941 2616 4996 suis
2645 4941 2878 5011 peccatis
2896 4941 3006 4996 Deo
3027 4942 3400 4997 mentiebatur.
3435 4936 3531 4995 Sed
3557 4927 3770 5005 aliqum-io

2267 5041 2704 5101 argumentantur
2744 5031 3004 5099 homines,
3059 5044 3112 5089 et
3156 5034 3358 5099 dicunt,
3405 5031 3560 5087 Debet
3594 5035 3635 5081 et
3659 5023 3769 5076 homo

2261 5121 2438 5193 justus
2485 5123 2596 5178 Deo
2646 5124 2825 5180 dicere
2853 5124 2973 5194 quia
3020 5133 3265 5194 peccator
3301 5133 3384 5180 est
3412 5142 3424 5177 :
3449 5117 3656 5192 quamvis
3677 5109 3769 5166 sciat

2266 5215 2468 5270 nullum
2492 5231 2550 5273 se
2581 5215 2780 5273 habere
2808 5227 3108 5288 peccatum,
3141 5227 3313 5274 tamen
3341 5217 3475 5272 dicat
3499 5216 3608 5276 Deo,
3635 5206 3767 5265 Βώθο

2267 5318 2565 5378 peccatum.
2587 5309 2745 5365 Miror
2761 5310 2802 5363 si
2831 5310 2929 5380 ista
2958 5309 3163 5366 consilii
3180 5311 3374 5365 sanitas
3402 5300 3672 5380 appellanda
3691 5302 3762 5350 cs!-

2263 5400 2394 5470 Quis
2422 5411 2472 5458 te
2498 5401 2622 5458 facit
2661 5418 2766 5457 non
2797 5401 2996 5458 habere
3026 5402 3337 5473 peccatum?
3373 5415 3535 5456 nonne
3573 5395 3683 5450 Deus
3700 5380 3762 5454 (ἰαί

2328 5603 2347 5672 ἕ
2380 5597 2685 5654 Michaelinus
2721 5602 2898 5662 codex,
2922 5610 2970 5656 et
3008 5601 3213 5658 lucidius
3255 5597 3507 5672 perviderit:
3542 5602 3658 5670 qua»
3687 5583 3758 5634 lae

2263 5787 2440 5903 ἵυίρῗθ
2484 5765 2656 5840 ⁰¹¹άνῖῖ¹¹
2689 5765 2907 5852 vim;
2920 5765 3751 5862 ’άῖῶἐῗ”ῗι”ῒιῐ“αὖᾶὲῖῖςιαηφιά

2285 5867 2335 5915 ιι,
2409 5866 2450 5902 c,
2764 5861 2766 5866 ι
3119 5869 3128 5874 ν
3199 5859 3240 5870 ῃ.
3421 5857 3429 5865 ι
