3860 6284
94 403 166 458 73]
1195 385 1425 442 SERMO
1464 388 1551 440 Dii
1593 388 1611 442 l

1722 389 1796 444 HS
1841 390 2134 445 ιςχιλιῡιυ.

89 520 209 574 sanat
224 508 435 564 anhuam
466 500 645 559 tuam?
670 500 728 556 Si
764 510 939 555 tamen
970 515 1075 556 non
1106 497 1281 554 habes
1310 510 1607 568 peccatum.

86 604 188 660 Nam
202 595 488 662 considera;
518 602 574 648 et
607 592 862 656 invenies,
897 605 1002 645 non
1034 598 1333 660 peccatum,
1362 588 1457 645 sed
1486 604 1610 659 pec-

85 706 190 755 cata.
211 693 389 749 Tamen
431 688 476 744 si
516 700 730 759 prorsus
757 700 864 740 non
901 684 1074 739 habes
1104 694 1399 754 peccatum,
1432 698 1610 739 nonne

82 791 191 846 illius
209 783 507 844 beneﬁcium
534 788 638 846 est,
677 778 764 833 cui
792 776 970 833 dixisti
1004 794 1018 830 :
1047 774 1161 847 Ego
1191 776 1326 843 dixi,
1352 774 1605 842 Domine,

80 884 266 939 miserere
295 876 425 942 mei;
464 890 594 929 sana
633 871 860 925 animam
906 885 1102 935 meam,
1143 869 1381 940 quoniam
1408 869 1610 941 peccavi

86 977 150 1031 tibi
181 970 333 1043 (Psal.
370 984 457 1033 xc,
497 965 590 1038 5)?
622 964 684 1020 Si
708 978 837 1033 ergo
863 962 978 1018 sine
1031 971 1247 1032 peccato
1299 970 1384 1017 est
1430 961 1609 1016 anima

80 1080 160 1135 tua,
200 1072 366 1121 sanata
410 1068 494 1117 est
541 1057 691 1114 omni
740 1057 901 1113 modo
944 1055 1120 1110 anima
1174 1062 1262 1109 tua
1296 1053 1382 1109 :si
1421 1063 1607 1109 sanata

77 1169 137 1215 est
170 1155 293 1212 omni
337 1152 494 1209 modo
521 1150 701 1206 anima
757 1158 868 1213 tua,
904 1163 1071 1219 quare
1106 1149 1343 1218 ingratus
1392 1161 1452 1202 es
1490 1161 1606 1201 me-

77 1252 161 1308 dico
183 1257 278 1314 tuo,
314 1254 370 1302 ut
418 1245 569 1301 dicas
616 1242 813 1299 vulnus
845 1257 966 1299 esse
1012 1240 1216 1309 adhuc,
1266 1241 1358 1296 ubi
1388 1255 1605 1296 omnem

78 1345 296 1400 sanitatem
330 1337 419 1394 ille
451 1337 565 1408 jam
609 1335 769 1392 fecit?
805 1334 861 1391 Si
888 1348 1082 1406 corpus
1110 1342 1257 1388 tuum
1297 1332 1607 1404 languidum
1646 1350 1650 1354 '

80 1445 143 1492 aut
158 1424 458 1490 vulneratum
484 1428 694 1486 medico
718 1426 1049 1489 ostenderes,
1090 1435 1145 1480 et
1174 1439 1391 1495 rogares
1431 1435 1485 1479 ut
1509 1423 1609 1479 tibi

86 1526 293 1581 adhiberet
314 1520 532 1579 curandi
563 1520 892 1591 diligentiam
912 1560 926 1584 ,
954 1528 1115 1588 atque
1139 1516 1226 1571 ille
1263 1515 1484 1579 faceret,
1524 1532 1609 1570 sa-

83 1629 253 1687 numque
275 1623 326 1671 et
346 1612 669 1671 incolumem
709 1611 979 1674 redderet,
1013 1620 1066 1665 et
1094 1619 1147 1664 tu
1177 1608 1351 1662 adhuc
1376 1609 1605 1672 diceres,

78 1709 158 1764 Non
173 1722 272 1763 sum
301 1719 497 1768 sanus;
528 1718 711 1760 nonne
733 1717 880 1759 esses
908 1701 1116 1758 medico
1137 1701 1409 1771 ingratus?
1430 1716 1611 1756 nonne

77 1816 183 1859 esses
202 1801 247 1857 in
272 1799 533 1856 medicum
574 1795 1035 1854 contumeliosus?
1057 1792 1116 1850 Si
1142 1802 1197 1850 et
1236 1794 1377 1848 Deus
1403 1793 1612 1850 sanavit

78 1902 129 1960 te,
148 1891 283 1948 audes
302 1889 512 1957 dicere,
539 1888 732 1945 Adhuc
759 1888 949 1942 vulnus
977 1886 1184 1943 habeo?
1215 1902 1315 1940 nec
1354 1887 1510 1941 times
1542 1902 1610 1941 ne

78 1984 144 2037 tibi
158 1982 465 2053 respondeat,
500 1981 645 2051 Ergo
673 1995 773 2052 ego
802 1978 933 2034 nihil
978 1979 1082 2048 egi.
1127 1988 1221 2031 aut
1269 1987 1435 2032 totum
1465 1978 1609 2048 quod

77 2074 133 2143 egi
154 2072 319 2139 eundi;
356 2086 465 2127 non
510 2070 718 2141 accipio
749 2068 1051 2125 mercedem
1074 2108 1088 2132 ,
1145 2083 1250 2123 non
1282 2083 1493 2123 mereor
1522 2070 1608 2123 vel

77 2165 261 2221 laudem?
285 2166 505 2221 Avertat
531 2164 675 2220 Deus
702 2163 843 2219 hanc
867 2163 1176 2227 amentiam,
1210 2171 1263 2217 et
1290 2162 1430 2219 hanc
1453 2178 1612 2234 argu-

82 2256 389 2313 mentationem
409 2270 628 2311 vanam.
655 2256 804 2310 Dicat
826 2254 1008 2321 homo,
1039 2253 1299 2308 Peccator
1324 2269 1462 2320 sum,
1484 2255 1608 2325 quia

81 2358 267 2419 peccator
292 2358 369 2404 est
395 2367 410 2403 :
432 2348 601 2414 dicat,
637 2347 919 2402 Peccatum
953 2344 1148 2410 habeo,
1177 2345 1300 2415 quia
1331 2354 1608 2416 peccatum

79 2442 209 2498 habet.
243 2441 351 2498 Non
374 2441 520 2498 enim
570 2440 617 2496 si
646 2454 752 2495 non
780 2438 976 2503 habet,
1003 2438 1298 2507 sapientior
1324 2447 1409 2493 est
1444 2453 1607 2508 quam

78 2532 230 2588 Daniel.
251 2532 403 2604 Ergo,
422 2531 619 2588 fratres
636 2531 765 2595 mei,
790 2530 933 2584 illam
950 2530 1301 2600 quaestionem
1327 2528 1608 2599 aliquando

78 2624 385 2680 determinem.
417 2623 474 2680 Si
497 2623 633 2693 justi
660 2623 738 2677 sic
763 2621 1069 2692 appellandi
1096 2630 1250 2687 sunt,
1283 2622 1421 2675 sicut
1449 2620 1609 2676 modo

75 2715 247 2783 quodam
281 2716 509 2771 humano
553 2715 683 2785 justi
708 2714 1067 2784 appellantur,
1099 2712 1392 2769 secundum
1418 2728 1608 2784 quam-

73 2806 156 2861 dam
176 2809 522 2865 conversation
539 2822 625 2862 cm
662 2821 764 2877 qua
812 2806 955 2862 inter
983 2806 1233 2861 homines
1278 2806 1463 2860 vivunt
1493 2805 1610 2861 sine

73 2901 231 2969 querela
262 2920 273 2956 :
303 2901 448 2956 multi
479 2901 625 2956 tales
653 2899 838 2955 Romae
862 2917 877 2964 ;
905 2908 961 2955 et
1003 2909 1221 2969 propter
1241 2898 1341 2953 hos
1372 2899 1611 2970 pepercit

74 2990 194 3056 Deus,
218 2992 354 3047 multi
385 3003 685 3049 evaserunt
717 3011 728 3045 :
756 2991 850 3047 sed
880 3001 935 3047 et
978 2993 1057 3046 eis
1102 2993 1187 3061 qui
1219 2992 1414 3046 mortui
1443 3000 1615 3059 sunt,

76 3085 255 3152 pepercit
280 3084 430 3139 Deus.
461 3082 670 3139 Mor-tui
690 3083 832 3137 enim
856 3083 908 3135 in
930 3082 1073 3136 bona
1096 3082 1201 3136 vita
1221 3091 1274 3138 et
1306 3098 1433 3139 vera
1453 3084 1611 3152 justi-

76 3177 137 3242 tia,
157 3177 201 3231 in
221 3176 345 3232 bona
374 3176 507 3244 ﬁde,
552 3190 730 3231 nonne
760 3174 1021 3230 aerumnis
1050 3190 1227 3228 rerum
1258 3176 1610 3229 humanarum

74 3279 322 3334 caruerunt,
351 3278 406 3325 et
432 3268 499 3324 ad
559 3268 797 3323 divinum
840 3266 1177 3336 refrigerium
1211 3268 1611 3335 pervenerunt?

76 3358 216 3414 llortui
238 3368 351 3415 sunt
377 3369 496 3430 post
542 3359 913 3414 tribulationes
935 3400 950 3424 ,
991 3357 1261 3427 quomodo
1287 3373 1487 3430 pauper
1521 3359 1611 3415 ille

75 3461 162 3505 ante
197 3452 391 3522 ianuam
420 3453 631 3509 divitis.
678 3450 784 3509 Sed
822 3451 966 3521 passi
1009 3463 1133 3506 sunt
1164 3452 1393 3507 famem?
1424 3468 1611 3523 passus

80 3554 136 3597 est
155 3554 197 3600 et
218 3546 315 3602 iile.
335 3548 481 3603 Passi
514 3555 645 3602 sunt
664 3546 880 3601 vulnera
902 3545 926 3599 ?
950 3560 1141 3616 passus
1158 3556 1240 3601 est
1257 3556 1311 3602 et
1326 3548 1413 3603 ille
1434 3566 1446 3601 :
1477 3547 1611 3606 forte

80 3636 209 3691 minus
233 3654 317 3695 eos
343 3654 501 3695 canes
528 3639 824 3693 linxerunt.
845 3636 1037 3692 Μοιιυί
1066 3639 1234 3693 sunt?
1261 3648 1502 3695 mortuus
1529 3652 1612 3696 est

80 3735 117 3779 et
149 3727 217 3783 ille
262 3749 275 3785 :
318 3731 409 3787 sed
438 3746 548 3802 quo
600 3728 703 3785 fine
731 3728 897 3783 audi:
946 3726 1199 3801 Contigit,
1234 3730 1444 3802 inquit,
1482 3733 1613 3786 mori

80 3818 399 3891 inapemillum,
421 3832 469 3876 et
514 3821 711 3894 auferri
748 3819 811 3874 ab
849 3821 1053 3892 Angelis
1089 3821 1142 3875 in
1174 3821 1342 3876 sinum
1370 3822 1609 3879 Abrahw.

80 3906 191 3973 (Luc.
214 3928 319 3980 xvt,
337 3912 532 3985 20-22)
544 3952 559 3965 .

126 3999 314 4059 CAPUT
345 4003 561 4060 Vl.-——6.
585 4000 851 4070 Quomodo
866 4000 993 4057 Urbi
1012 4001 1150 4057 Deus
1165 4004 1385 4074 pepercit
1411 4014 1613 4076 prapter

78 4093 218 4158 justas.
245 4094 699 4166 Constantinopolis
724 4102 913 4149 terrore
934 4095 1244 4148 imminentis
1271 4094 1366 4148 sibi
1392 4096 1614 4151 incendii

79 4189 289 4243 emendata
303 4192 537 4247 diuinitus
563 4202 611 4245 et
636 4201 854 4246 servata.
888 4190 1097 4247 Utinam
1125 4190 1311 4245 videre
1332 4206 1613 4260 possemus

80 4278 209 4333 oculis
229 4282 421 4338 animas
441 4293 754 4338 sanctorum
778 4282 868 4352 qui
886 4282 939 4337 in
962 4282 1056 4336 illo
1078 4282 1218 4336 bello
1244 4284 1438 4336 mortui
1464 4293 1609 4349 sunt;

80 4375 174 4423 tunc
196 4371 427 4430 videretis
451 4373 725 4445 quomodo
754 4373 898 4428 Deus
927 4374 1228 4443 pepercerit
1252 4374 1473 4428 civitati.
1497 4374 1613 4429 Mil-

79 4456 130 4511 lia
152 4462 272 4518 enim
299 4476 600 4522 sanctorum
631 4465 683 4519 in
729 4464 1012 4535 refrigerio
1056 4474 1201 4529 sunt,
1235 4465 1527 4521 laetantium
1560 4475 1614 4521 ct

79 4548 315 4611 dicentium
345 4557 453 4613 Deo
487 4576 501 4613 :
532 4556 743 4614 Gratias
784 4556 899 4623 tibi,
949 4557 1070 4626 quia
1112 4574 1210 4612 nos
1236 4574 1267 4613 a
1296 4558 1473 4614 carnis
1499 4573 1613 4614 mo-

81 4638 210 4698 lestiis
231 4654 283 4701 et
312 4648 593 4705 tormentis
617 4648 825 4704 eruisti.
855 4647 1065 4704 Gratias
1093 4649 1205 4715 tibi,
1233 4650 1355 4720 quia
1377 4650 1487 4720 jam
1516 4665 1615 4706 nec

82 4730 304 4809 barbaros,
330 4757 424 4797 nec
445 4741 716 4797 diabolum
739 4740 1087 4796 formidamus
1111 4757 1124 4807 ;
1158 4757 1264 4797 non
1289 4743 1538 4798 timemus
1560 4744 1611 4798 in

86 4833 190 4882 terra
212 4831 407 4899 famem,
446 4851 559 4890 non
578 4835 828 4891 timemus
845 4834 1160 4904 grandinem
1180 4876 1196 4899 ,
1227 4850 1334 4889 non
1363 4836 1613 4890 timemus

85 4916 270 4991 hostem,
292 4942 395 4985 non
417 4924 675 4984 timemus
697 4929 961 4995 lictorem,
992 4942 1099 4983 non
1127 4929 1375 4983 timemus
1394 4943 1615 4999 oppres-

85 5023 259 5073 sorem:
287 5020 377 5076 sed
413 5036 598 5077 sumus
625 5022 677 5076 in
707 5029 847 5076 terra
894 5022 1120 5085 mortui,
1163 5022 1303 5091 apud
1346 5030 1420 5087 te,
1453 5022 1611 5086 Deus,

87 5116 170 5159 non
188 5112 429 5182 morituri,
457 5114 511 5169 in
543 5129 707 5184 regno
733 5122 826 5169 tuo
859 5113 1014 5179 salvi,
1046 5112 1189 5167 dono
1215 5123 1327 5180 tuo,
1371 5129 1476 5167 non
1503 5128 1616 5168 me-

89 5195 168 5249 rito
187 5210 365 5259 nostro.
388 5204 571 5272 Qualis
596 5204 782 5260 civitas
810 5213 892 5260 est
917 5204 1198 5259 humilium
1228 5205 1243 5235 ί
1272 5220 1389 5273 qua:
1415 5206 1514 5259 ista
1535 5203 1617 5258 di-

92 5284 261 5347 citlAn
279 5296 463 5364 putatis
490 5298 758 5353 civitatem
789 5297 841 5353 in
886 5296 1178 5368 parietibus
1220 5296 1616 5367 deputandam?

92 5377 250 5439 Civitas
273 5387 323 5443 in
348 5388 545 5447 cimus
573 5400 683 5459 est,
714 5404 820 5445 non
867 5390 920 5445 in
960 5388 1274 5460 parietibus.
1306 5389 1544 5458 Denique
1571 5388 1616 5443 si

98 5470 258 5533 diceret
275 5479 402 5538 Deus
426 5481 738 5551 Sodomitis,
766 5482 978 5553 Fugite,
1008 5482 1130 5553 quia
1164 5481 1478 5536 incensurus
1498 5495 1617 5537 sum

97 5558 239 5621 locum
263 5568 444 5629 istum:
472 5589 651 5631 nonne
688 5589 938 5645 magnum
984 5574 1231 5627 meritum
1284 5587 1379 5629 eos
1417 5571 1617 5627 habere

103 5651 367 5729 diceremus,
411 5664 456 5720 si
490 5665 756 5738 fugerent,
782 5674 837 5720 et
876 5663 1085 5719 flamma
1131 5662 1200 5718 de
1225 5661 1365 5718 coelo
1392 5661 1618 5717 descen-

106 5745 208 5805 dens
240 5758 419 5813 mania
448 5762 779 5831 parietesque
815 5758 1093 5814 vastaret?
1132 5756 1320 5812 Nonne
1350 5756 1489 5811 Deus
1524 5770 1615 5826 pe-

160 5887 174 5915 ⁸
196 5891 258 5939 Er.
280 5899 325 5943 et
345 5901 417 5947 Its.
438 5897 584 5961 Ilicb.,
609 5893 813 5949 millium

3208 404 3311 457 722

1726 514 1965 572 percerat
1986 505 2203 572 civitati,
2228 508 2346 577 quia
2364 510 2544 564 civitas
2566 511 2901 581 migraverat,
2936 522 2989 569 et
3016 518 3303 584 perniciem

1722 594 1865 650 illius
1888 597 2024 667 ignis
2049 611 2289 654 evaserat
2318 602 2340 653 ?

1794 690 1846 743 7.
1874 688 2063 746 Nonne
2105 702 2226 748 ante
2266 708 2463 764 paucos
2489 710 2690 765 annos,
2720 696 2950 753 Arcadio
2977 698 3302 768 imperatore

1719 779 2180 853 Constantinopoli
2231 784 2395 855 (quod
2432 787 2572 854 dico,
2601 787 2822 844 audiunt
2866 791 3108 846 nonnulli
3148 792 3310 847 forsi-

1719 882 1809 929 tan
1838 876 1924 945 qui
1952 886 2230 942 noverunt,
2277 889 2330 933 et
2359 889 2482 935 sunt
2530 882 2580 934 in
2615 880 2718 936 hoc
2752 885 2950 953 populo
2992 885 3081 955 qui
3112 895 3166 941 et
3192 885 3304 942 illic

1720 976 2017 1033 praesentes
2048 966 2311 1039 fuerunt),
2342 971 2525 1027 volens
2551 972 2693 1027 Deus
2713 984 2914 1030 terrere
2932 976 3226 1045 civitatem,
3251 988 3307 1033 et

1719 1059 1971 1114 terrendo
1999 1061 2319 1127 emendare,
2372 1064 2621 1121 terrendo
2648 1075 2995 1137 convertere,
3052 1071 3305 1125 terrendo

1719 1153 2003 1218 mundare,
2034 1156 2285 1211 terrendo
2319 1166 2544 1224 mutare,
2577 1175 2733 1215 servo
2758 1161 2967 1216 cuidam
2996 1177 3095 1218 suo
3122 1162 3267 1219 fideli
3290 1206 3305 1228 ,

1721 1244 1859 1308 viro,
1893 1254 1950 1300 ut
1969 1246 2183 1311 dicitur,
2216 1249 2452 1316 militari,
2483 1252 2627 1305 venit
2652 1252 2703 1305 in
2726 1253 3071 1321 revelatione,
3095 1262 3149 1309 et
3168 1253 3309 1310 dixit

1719 1336 1768 1392 ei
1786 1336 2055 1392 civitatem
2080 1348 2304 1395 venturo
2318 1339 2386 1396 de
2411 1342 2551 1397 coelo
2579 1344 2697 1413 igne
2718 1345 3044 1414 perituram;
3073 1360 3307 1416 eumque

1719 1429 1995 1485 admonuit
2020 1440 2079 1485 ut
2108 1432 2359 1503 episcopo
2383 1433 2602 1490 diceret.
2634 1436 2841 1491 Dictum
2876 1446 2994 1504 est;
3036 1452 3144 1494 non
3174 1452 3307 1494 con-

1721 1522 1938 1591 tempsit
1990 1524 2270 1594 episcopus
2290 1568 2304 1593 ,
2350 1536 2405 1581 et
2432 1528 2692 1582 allocutus
2716 1537 2799 1583 est
2834 1529 3090 1600 populum
3121 1547 3136 1562 ο
3167 1544 3307 1586 con-

1718 1630 1876 1670 versa
1904 1624 1988 1671 est
2022 1617 2209 1672 civitas
2236 1618 2287 1672 in
2336 1618 2536 1675 luctum
2572 1622 2920 1691 poenitentiae,
2952 1623 3304 1694 quemadmo-

1717 1709 1843 1763 dum
1869 1710 2135 1780 quondam
2164 1711 2251 1765 illa
2289 1713 2504 1784 antiqua
2533 1714 2721 1771 Ninive
2747 1715 2922 1786 (Jona:
2966 1733 3051 1783 ιιι,
3085 1717 3164 1789 5).
3194 1717 3303 1773 Ta-

1720 1816 1841 1856 men
1870 1817 1938 1856 ne
1964 1812 2214 1872 putarent
2240 1803 2485 1862 homines
2514 1806 2660 1861 illum
2687 1808 2778 1879 qui
2816 1808 3024 1865 dixerat
3054 1810 3138 1866 vel
3158 1810 3304 1866 falsi-

1721 1900 1827 1946 tate
1854 1893 2136 1963 deceptum
2159 1895 2243 1949 vel
2272 1894 2477 1952 fallacia
2501 1897 2799 1969 decepisse,
2825 1901 2972 1955 venit
2995 1900 3110 1957 dies
3139 1917 3300 1972 quem

1716 1983 1858 2039 Deus
1879 1984 2051 2039 fuerat
2074 1987 2428 2043 comminatus
2454 2005 2466 2041 :
2491 1990 2709 2045 intentis
2747 1992 2997 2049 omnibus
3022 2002 3077 2047 et
3101 1993 3302 2047 exitum
3344 2038 3353 2043 ,

1714 2092 1837 2131 cum
1860 2077 2051 2133 timore
2074 2094 2266 2149 magno
2294 2084 2751 2152 exspectantibus,
2776 2086 2946 2140 noctis
2973 2085 3125 2140 initio
3154 2094 3303 2141 tene-

1714 2169 1905 2227 brante
1925 2171 2036 2241 jam
2071 2172 2290 2239 mundo,
2316 2174 2430 2229 visa
2464 2184 2547 2231 est
2575 2178 2729 2247 ignea
2758 2178 2929 2233 nubes
2965 2178 3031 2232 ab
3060 2178 3299 2245 oriente,

1717 2264 1892 2332 primo
1921 2278 2095 2333 parva,
2127 2264 2322 2320 deinde
2352 2266 2602 2336 paulatim
2632 2276 2687 2321 ut
2716 2268 3006 2324 accedebat
3036 2284 3198 2340 super
3224 2269 3305 2324 ci-

1716 2355 1933 2409 vitatem
1966 2354 2038 2410 ita
2068 2356 2363 2421 crescebat,
2392 2357 2565 2415 donec
2592 2360 2686 2413 toti
2719 2360 2834 2415 urbi
2876 2360 3011 2431 ignis
3041 2362 3057 2392 ί
3083 2361 3304 2416 terribi-

1714 2446 1839 2501 liter
1866 2447 2187 2505 immineret.
2204 2448 2499 2505 Videbatur
2519 2450 2783 2505 horrenda
2808 2451 3022 2506 ﬂamma
3047 2452 3301 2522 pendere,

1717 2553 1817 2592 nec
1846 2538 1982 2592 odor
2010 2538 2283 2608 sulphuris
2303 2538 2505 2595 deerat.
2538 2540 2738 2596 Omnes
2767 2540 2833 2596 ad
2861 2541 3141 2596 ecclesiam
3169 2556 3301 2596 con-

1716 2630 1988 2701 fugiebant
2012 2673 2028 2697 ,
2062 2645 2168 2686 non
2194 2632 2439 2703 capiebat
2475 2633 2867 2689 multitudinem
2915 2634 3087 2699 locus,
3120 2633 3303 2701 Bapti-

1717 2738 1892 2777 smum
1920 2722 2270 2793 extorquebat
2300 2723 2569 2793 quisquea
2591 2739 2698 2794 quo
2726 2732 2955 2793 poterat.
2981 2723 3097 2779 Non
3124 2723 3302 2778 solum

1716 2814 1768 2868 in
1790 2813 2036 2881 ecclesia,
2064 2813 2156 2869 sed
2178 2814 2336 2868 etiam
2366 2829 2459 2886 per
2487 2815 2696 2881 domos,
2726 2830 2823 2886 per
2847 2816 2994 2871 vicos
3010 2830 3073 2871 ac
3100 2815 3302 2884 plateas

1716 2905 1862 2960 salus
1910 2903 2239 2961 Sacramenti
2286 2906 2631 2977 exigebatur;
2662 2915 2718 2962 ut
2757 2905 3031 2977 fugeretur
3059 2906 3158 2973 ira,
3190 2920 3304 2961 non

1716 3011 1953 3067 prmsens
1978 2997 2180 3067 utique,
2211 2995 2306 3051 sed
2332 2997 2524 3053 futura.
2570 2998 2771 3053 Tamen
2802 3008 2924 3069 post
2957 3012 3203 3069 magnam
3231 2998 3302 3052 il-

1717 3093 1819 3145 lam
1876 3090 2295 3159 tribulationem,
2346 3091 2438 3146 ubi
2486 3092 2724 3147 exhibuit
2765 3093 2907 3147 Deus
2938 3090 3096 3147 ﬁdem
3123 3090 3305 3146 verbis

1717 3184 1847 3247 suis,
1878 3194 1930 3237 et
1954 3183 2269 3237 revelationi
2308 3182 2447 3237 servi
2473 3183 2574 3245 sui,
2607 3183 2791 3254 cmpit,
2825 3191 2882 3237 ut
2906 3190 3169 3249 creverat,
3196 3182 3303 3237 mi-

1718 3275 1809 3328 nui
1838 3274 2027 3339 nubes,
2073 3273 2433 3344 paulatimque
2466 3284 2781 3345 consumpta
2822 3282 2924 3330 est.
2953 3274 3186 3344 Populus
3211 3287 3303 3329 se-

1715 3381 1877 3422 curus
1922 3366 2193 3436 paululum
2224 3366 2420 3434 factus,
2464 3368 2655 3422 iterum
2688 3366 2894 3422 audivit
2921 3367 3141 3423 omnino
3181 3381 3305 3423 esse

1714 3458 2071 3529 migrandum,
2102 3458 2243 3530 quod
2269 3459 2453 3514 civitas
2477 3469 2621 3514 esset
2656 3460 2903 3530 proximo
2931 3460 3151 3516 sabbato
3186 3474 3310 3531 per-

1718 3552 1879 3606 itura.
1911 3550 2155 3621 Migravit
2184 3566 2302 3606 cum
2331 3551 2655 3621 imperatore
2686 3561 2793 3607 tota
2812 3552 3038 3619 civitas;
3067 3566 3228 3607 nemo
3247 3552 3305 3607 in

1716 3642 1879 3697 domo
1908 3642 2184 3710 remansit,
2232 3658 2393 3698 nemo
2434 3644 2652 3699 domum
2679 3645 2913 3700 clausit:
2946 3644 3103 3716 longe
3143 3658 3304 3699 rece-

1716 3734 1851 3789 dens
1877 3750 1907 3788 a
1937 3735 2224 3800 moenibus,
2262 3743 2316 3790 et
2357 3734 2531 3790 dulcia
2565 3744 2700 3792 tecta
2739 3736 3055 3807 respiciens,
3099 3735 3302 3791 relictis

1718 3827 2051 3882 cbarissimis
2080 3827 2296 3883 sedibus
2324 3843 2457 3884 voce
2486 3830 2775 3885 miserabili
2804 3829 3066 3886 valefecit.
3096 3828 3165 3884 Et
3207 3829 3308 3884 ali-

1718 3929 1849 3989 quot
1875 3920 2109 3975 millibus
2130 3929 2275 3975 tanta
2304 3921 2393 3976 illa
2425 3922 2707 3978 multitudo
2737 3938 3040 3993 progressa,
3083 3937 3193 3979 uno
3220 3932 3303 3978 ta-

1720 4027 1840 4067 men
1869 4011 1986 4066 loco
2014 4010 2298 4067 fundendis
2327 4012 2393 4067 ad
2416 4014 2580 4069 Deum
2602 4014 2931 4069 orationibus
2953 4024 3297 4085 congregata,

1719 4120 1972 4176 magnum
1997 4103 2200 4158 fumum
2229 4104 2407 4159 subito
2430 4104 2581 4170 vidit,
2614 4116 2668 4160 et
2695 4120 2879 4160 vocem
2906 4120 3153 4177 magnam
3176 4107 3305 4161 emi-

1718 4200 1787 4253 sit
1820 4199 1885 4253 ad
1915 4199 2078 4252 Deum
2112 4214 2127 4250 :
2172 4196 2492 4267 tandemque
2545 4197 2923 4267 tranquillitate
2971 4206 3260 4269 conspecta
3287 4241 3303 4267 ,

1720 4290 1895 4345 missis
1921 4290 2011 4360 qui
2039 4290 2425 4354 renuntiarent,
2459 4289 2683 4344 sollicita
2709 4304 2828 4360 qua:
2848 4289 3099 4361 praedicta
3130 4289 3309 4348 fuerat

1720 4385 1850 4439 hora
1880 4392 2166 4450 transacta,
2192 4392 2244 4439 et
2265 4383 2691 4438 renuntiantibus
2710 4384 2851 4454 quod
2878 4386 3023 4440 salva
3054 4384 3305 4442 universa

1718 4478 1915 4534 muenia
1938 4485 1993 4532 et
2016 4486 2154 4532 tecta
2176 4476 2554 4543 consisterent,
2587 4466 2775 4531 omnes
2803 4491 2926 4532 cum
2956 4478 3155 4548 ingenti
3180 4492 3304 4548 gra-

1718 4570 1977 4625 tulatione
2026 4569 2321 4626 redierunt.
2354 4569 2523 4625 Nemo
2562 4570 2629 4625 de
2678 4569 2837 4625 domo
2880 4586 2974 4625 sua
3013 4571 3303 4641 quidquam

1717 4661 1982 4732 perdidit,
2016 4670 2287 4732 patentem
2327 4662 2503 4717 omnis
2534 4661 2694 4715 homo
2735 4660 2873 4715 sicut
2916 4660 3119 4716 dimisit
3145 4661 3299 4715 inve-

1719 4756 1797 4810 nit
1817 4753 1917 4826 (a).

1790 4846 2014 4903 CAPUT
2043 4846 2153 4902 Vll.
2184 4876 2255 4887 —
2280 4846 2333 4902 8.
2362 4844 2428 4900 Ut
2457 4842 2922 4910 Constantinopolis
2964 4844 3035 4898 ita
3056 4854 3103 4898 et
3138 4843 3309 4899 Roma

1719 4957 1751 4992 a
1778 4937 1882 4991 Deo
1921 4946 2149 5007 correpta
2200 4937 2364 5006 potius
2406 4951 2557 5007 quam
2592 4933 2805 5004 perdita.
2837 4933 2975 5002 Quid
3026 4934 3307 4991 dicemus?

1720 5029 1910 5085 Utrum
1942 5028 2041 5083 ista
2067 5028 2143 5082 ira
2175 5027 2371 5089 Dei,an
2405 5026 2576 5095 potius
2614 5025 2976 5081 misericordia
3027 5026 3309 5095 fuitiQuis

1719 5122 1924 5178 dubitet
1951 5118 2502 5175 misericordissimum
2533 5126 2731 5188 patrem
2754 5120 3023 5190 corrigere
3049 5119 3306 5188 voluisse,

1721 5225 1773 5269 et
1801 5211 2068 5277 terrendo,
2101 5225 2208 5264 non
2254 5209 2526 5280 perdendo
2559 5209 2766 5280 punire,
2796 5210 3009 5281 quando
3043 5210 3175 5265 nihil
3206 5212 3306 5265 ho-

1722 5305 1947 5370 minum,
1980 5302 2109 5357 nihil
2137 5301 2436 5369 domorum,
2474 5300 2603 5355 nihil
2636 5302 2890 5356 moenium
2933 5308 3073 5355 tanta
3104 5302 3310 5369 impen-

1722 5396 1855 5450 dens
1898 5408 2134 5465 praesens
2170 5394 2445 5449 calamitas
2473 5393 2493 5423 ³
2520 5391 2695 5447 hesit?
2718 5392 2942 5447 Prorsus
2969 5392 3106 5445 sicut
3130 5391 3335 5461 solent~
3361 5452 3365 5456 ,

1724 5502 1911 5542 manus
1940 5485 2071 5556 erigi
2102 5485 2166 5541 ad
2186 5484 2927 5549 feriendum,etc0nsternat0
2972 5481 3060 5537 illo
3097 5480 3186 5552 qui
3229 5482 3311 5537 fe-
3354 5506 3369 5523 ε

1791 5706 1808 5773 ξ
1846 5704 1984 5773 Editi,
2006 5702 2187 5773 ingens.
2212 5703 2382 5773 Melius
2411 5710 2494 5773 ius.
2518 5699 2842 5773 Mich.,_ignis.
2911 5760 2941 5773 ,Δ
2978 5761 3010 5773 Α

1788 5768 1809 5798 '
1842 5762 2076 5827 sicidem"
2099 5772 2180 5812 Ms.
2216 5774 2269 5815 At
2308 5766 2453 5827 editi,
2470 5762 3051 5827 prasentia'calamitatis.

1787 5827 1862 5889 (ᾳ)
1911 5826 2228 5889 meminerunt
2272 5825 2569 5889 Marcellinus
2613 5834 2665 5875 et
2709 5833 2911 5889 uesper
2955 5827 3006 5875 in
3047 5825 3220 5889 Chron.
3262 5834 3318 5879 et

1726 5887 1897 5943 Paulus
1922 5887 2165 5947 diaconus,
2185 5887 2266 5936 lib.
2294 5888 2367 5937 15.
2398 5887 2557 5940 uefert
2586 5887 2891 5939 Baronius‘ad
2912 5899 3092 5939 annum
3108 5888 3223 5939 396.
