3860 6408
80 376 155 431 πη
1100 366 1441 426 DIALOGUS
1480 368 1949 438 QUIESTIONUM
1988 374 2150 432 LXV.

76 486 189 555 Quod
212 482 253 540 si
270 479 842 555 dixissetJANecessitate
860 495 889 555 ;_
902 478 1221 549 sequebatur
1241 482 1385 555 illum
1408 500 1569 555 gran-

73 550 135 612 dis
152 553 432 610 absurditas.
461 552 517 607 Si
557 561 749 615 autem,
794 550 1108 617 Voluntate;
1150 550 1572 623 respondebatur

74 626 283 695 illi,Ergo
308 624 589 695 voluntate
606 631 685 677 est
710 623 861 686 Deus,
911 638 1016 695 non
1064 631 1250 695 natura
1277 642 1290 679 :
1314 634 1371 681 et
1410 626 1481 680 ita
1517 627 1569 680 in

74 693 265 766 laqueum
288 709 434 764 quem
456 693 893 766 volebatponere,
926 694 1041 763 ipse
1067 694 1281 761 incidit;
1305 707 1360 751 et
1386 696 1572 752 videns

72 784 113 823 se
124 764 415 829 convictum,
446 764 726 819 obmutuit.

120 840 298 903 Qus-r.
348 834 475 907 Vill.
529 833 806 907 Quomodo
848 833 976 907 illud
1015 835 1423 907 intelligendum
1466 845 1569 904 est,

70 909 172 979 quod
196 908 383 979 leg'tur,
410 905 565 979 (Sicut
590 904 741 979 Pater
761 906 914 979 vitam
937 905 1082 979 habet
1109 908 1162 961 in
1180 904 1472 979 semetipso,
1500 909 1573 979 sic

69 976 168 1033 dedit
187 989 227 1032 et
248 976 371 1049 Filio
397 977 599 1049 habere
623 976 769 1049 vitain
790 976 844 1049 in
875 977 1139 1045 semetipso
1166 977 1343 1049 (Joan.
1360 976 1429 1047 'v,
1456 977 1576 1049 26)?

120 1053 243 1104 Rssr.
279 1046 479 1105 Scimus
502 1046 694 1119 Filium
714 1046 804 1101 Dei
832 1063 863 1101 a
884 1046 1297 1119 semetipsonon
1319 1064 1460 1115 esse,
1479 1046 1571 1105 sed

68 1136 87 1173 ι
108 1122 228 1174 Patre
253 1119 469 1188 genitum
491 1132 643 1182 esse;
666 1117 875 1173 Patrem
902 1133 1031 1173 vero
1068 1117 1097 1171 ii
1139 1119 1288 1174 nullo
1335 1121 1572 1188 genitum

70 1206 169 1253 esse,
191 1206 217 1245 a
239 1189 371 1245 nullo
398 1189 560 1242 vitam
602 1188 887 1257 accepisse.
940 1188 1093 1244 Dedit
1142 1190 1299 1246 Pater
1325 1190 1463 1246 Filio
1488 1192 1571 1245 vi-

71 1260 383 1331 tamgiguendo
406 1277 419 1314 :
441 1273 551 1313 non
580 1259 717 1327 quod
746 1260 893 1327 prius
920 1258 1082 1315 fuerit
1109 1260 1274 1315 Filius
1300 1263 1416 1317 sine
1445 1264 1571 1328 vita,

70 1344 105 1386 et
125 1330 271 1402 postea
289 1330 545 1402 acceperit
577 1331 765 1395 vitam;
810 1331 948 1385 sicut
989 1346 1087 1402 nos
1126 1332 1215 1402 qui
1258 1347 1350 1400 per
1386 1348 1574 1402 pecca-

71 1400 154 1456 tum
176 1402 407 1457 amisimus
438 1400 623 1465 vitam,
656 1410 710 1455 et
760 1416 853 1469 per
897 1401 1121 1471 gratiam
1148 1400 1454 1459 'Salvatoris
1484 1420 1572 1457 re-

73 1472 372 1541 cipimuszsed
419 1470 544 1526 ideo
592 1471 805 1537 dicitur,
851 1470 1065 1541 Accepit
1110 1474 1291 1539 vitam,
1323 1474 1443 1541 quia
1471 1489 1575 1527 non

76 1553 142 1624 est
161 1544 357 1667 assipso
382 1542 626 1613 genitus;
667 1557 781 1601 non
796 1543 938 1598 enim
965 1543 1243 1599 existendo
1282 1543 1447 1611 dedit,
1482 1544 1577 1599 sed

76 1629 218 1667 aranea
248 1629 287 1667 ο.

146 1629 287 1668 nemo.

75 1629 290 1749 Ειῖὶηιξὲξξί
328 1682 409 1737 I'X.
449 1682 715 1750 Quoniam
740 1692 792 1739 et
818 1684 1024 1739 ratione
1047 1694 1101 1739 et
1118 1685 1435 1739 testimoniis
1454 1700 1573 1754 per-

70 1757 229 1811 suasisti
247 1754 357 1809 mihi
381 1754 448 1810 de
475 1754 809 1823 subjectione
835 1755 972 1820 Filii,
1001 1754 1146 1825 quod
1169 1770 1272 1809 non
1291 1756 1360 1808 sit
1381 1770 1577 1810 secun-

68 1825 159 1879 dum
182 1825 498 1881 substantiam
530 1828 726 1890 minor,
755 1825 848 1882 sed
875 1827 1166 1881 secundum
1191 1827 1411 1880 formam
1438 1828 1577 1881 servi

69 1911 180 1965 quam
199 1898 488 1965 assumpsit;
525 1897 648 1952 ideo
674 1912 855 1966 quam
883 1898 1007 1966 quid
1035 1898 1102 1952 dc
1130 1898 1382 1951 missione
1404 1897 1577 1966 Spiri-

70 1977 128 2021 tus
144 1970 276 2022 sancti
302 1969 493 2023 sentias
519 1986 531 2022 :
556 1969 808 2037 numquid
836 1977 890 2022 et
917 1970 1029 2038 ipse
1058 1968 1327 2023 hominem
1371 1983 1574 2024 assum-

70 2040 156 2108 psit,
181 2048 225 2093 ut
248 2040 428 2096 missus
451 2054 575 2094 esse
596 2039 835 2093 dicatur?

118 2110 240 2164 Resp.
276 2110 413 2164 Sicut
437 2125 540 2165 nec
566 2109 855 2164 secundum
879 2109 1224 2165 substantiam
1250 2110 1462 2174 dicitur,
1481 2124 1580 2165 "seu

72 2181 227 2251 inissus,
249 2197 332 2236 seu
369 2181 545 2235 minor
584 2178 778 2245 Filius;
820 2182 891 2234 ita
928 2196 1026 2235 nec
1068 2182 1294 2251 Spiritus
1339 2190 1575 2237 sanctus.

70 2249 278 2305 Postremo
301 2251 434 2307 sicut
460 2252 549 2305 ille
591 2261 807 2321 propter
837 2249 1309 2307 hominemiminor
1332 2261 1423 2321 aut
1448 2254 1579 2307 mis-

71 2335 160 2383 sus;
179 2322 242 2392 ita
262 2323 353 2377 iste
390 2320 609 2392 propter
639 2322 937 2378 columbam
967 2322 1050 2376 vel
1077 2323 1253 2392 ignem
1280 2320 1473 2377 missus
1500 2323 1580 2377 di-

71 2391 363 2462 citur(illatth.
394 2391 600 2459 ιιι,“16,
628 2401 672 2445 et
715 2393 827 2446 Act.
856 2408 913 2455 ιι,
938 2392 996 2461 2)
1024 2410 1035 2443 :
1068 2391 1288 2459 scilicet,
1318 2395 1439 2462 quia
1469 2410 1574 2448 non

72 2459 106 2512 in
124 2476 167 2515 ea
187 2459 453 2517 substantia
479 2479 584 2531 qua
606 2473 689 2517 est
714 2464 931 2532 aequalis
954 2459 1113 2529 Patri,
1150 2459 1426 2532 apparuit;
1459 2465 1575 2532 scd,

74 2542 109 2603 at
140 2532 300 2603 dictum
340 2544 441 2600 est,
475 2549 573 2603 per
609 2534 901 2603 subjectani
942 2544 1262 2589 creaturam.
1292 2535 1408 2588 Non
1435 2536 1577 2589 enim

77 2601 163 2655 sicut
182 2602 327 2658 Filius
370 2601 641 2659 hominem
681 2601 989 2673 assumpsit,
1021 2616 1078 2658 ut
1118 2607 1197 2659 sic
1235 2606 1286 2658 in
1323 2615 1579 2660 aeternum

75 2685 325 2745 perinaneat,
344 2676 421 2733 sic
444 2676 675 2744 Spiritus
692 2686 904 2729 sanctus
929 2676 1227 2729 columbam
1255 2676 1334 2730 vel
1363 2676 1536 2745 ignem
1563 2694 1576 2730 :

76 2743 134 2813 sed
150 2743 273 2799 factae
291 2746 389 2801 illae
406 2743 646 2802 visiones
671 2746 738 2800 de
759 2756 999 2801 creatura
1022 2745 1294 2813 inferiore,
1324 2743 1583 2801 ad'mani-

74 2810 297 2887 festandum
321 2817 573 2886 Spiritum
605 2826 867 2882 sanctum,
892 2832 1011 2872 esse
1031 2829 1214 2887 postea
1241 2810 1577 2873 destiterunt.

74 2879 297 2958 Numquam
323 2879 460 2943 enim
501 2889 593 2942 illa
626 2879 1179 2958 ilicoiiiprelieiisibilis
1205 2888 1578 2943 immutabilis-

76 2967 141 3031 gite
159 2955 393 3031 diyinitas,
422 2975 542 3029 qua:
563 2968 649 3013 est
674 2955 907 3031 Trinitas
934 2960 1099 3024 Deus,
1125 2960 1192 3013 ab
1212 2960 1376 3031 oculis
1395 2974 1583 3014 carna-

16 3050 21 3083 :
75 3022 167 3079 libus
182 3028 321 3083 videri
351 3022 544 3100 potest,
580 3030 707 3095 nisi,
737 3040 794 3084 ut
814 3030 1011 3085 dictum
1038 3022 1139 3098 est,
1170 3046 1271 3100 per
1288 3030 1581 3099 subiectam

75 3107 315 3153 creaturam.

121 3167 293 3242 Quas'r.
332 3172 398 3228 Χ.
419 3172 589 3228 Filius
618 3181 793 3226 autem
826 3173 919 3227 Dei
943 3171 1210 3242 quomodo
1234 3172 1303 3227 sit
1331 3170 1399 3227 de
1426 3172 1583 3227 Patre

77 3247 195 3314 natus,
217 3239 426 3314 Spiritus
446 3260 577 3299 vero
598 3252 813 3297 sanctus
829 3243 895 3314 ab
912 3239 1137 3314 utroque
1156 3244 1471 3314 procedens,
1489 3243 1581 3298 de-

79 3307 484 3387 ditusti.'ldeoque
506 3330 705 3387 quiero
732 3313 859 3387 quid
887 3307 1064 3369 distat'
1084 3307 1224 3387 inter
1251 3307 1581 3369 nativitatem

79 3375 172 3454 Filii,
195 3392 238 3435 et
262 3375 651 3453 procéssioiiem
676 3375 905 3454 Spiritus
928 3386 1115 3440 sancti.

122 3448 243 3507 Resp.
263 3448 440 3512 'Filius
467 3468 649 3511 autem
681 3448 843 3510 solius
873 3467 955 3511 est
985 3457 1175 3520 Patris,
1211 3472 1315 3510 non
1355 3456 1581 3525 Spiritus

80 3529 562 3599 sanctus;_amborum
606 3527 843 3599 spiritus,
890 3527 939 3599 id
986 3535 1087 3590 est,
1138 3527 1310 3582 Patris
1346 3536 1402 3583 et
1440 3526 1578 3582 Filii.

80 3588 180 3655 Quod
201 3598 235 3647 si
259 3596 474 3665 Spiritus
500 3588 720 3653 saucius
747 3588 885 3653 [ilius
910 3592 1032 3654 esse
1058 3588 1325 3653 diceretur
1357 3618 1369 3651 :
1405 3599 1579 3653 nullus

80 3672 202 3741 agilem
225 3667 344 3741 ﬁlius
372 3680 453 3725 est
498 3670 625 3741 nisi
646 3669 893 3732 duorum,
918 3670 1089 3741 patris
1124 3678 1178 3724 et
1205 3672 1409 3735 matris,
1441 3669 1581 3739 quod

81 3730 172 3811 absit
190 3746 237 3790 ut
260 3739 384 3795 inter
410 3741 578 3796 Deum
606 3740 814 3796 Patrem
838 3730 892 3795 et
916 3730 1107 3795 Filium
1141 3741 1245 3811 tale
1271 3730 1472 3811 aliquid
1489 3756 1582 3794 su-

81 3816 277 3883 εβιςειιιιιι·
296 3828 308 3864 :
330 3812 447 3881 quia
476 3827 577 3868 nec
610 3811 746 3865 filius
772 3811 1001 3865 hominis
1024 3812 1182 3867 simul
1207 3827 1272 3866 ex
1302 3823 1448 3881 patre
1470 3827 1586 3881 pro-

83 3874 189 3953 ςωιι,
218 3888 267 3934 et
297 3874 361 3936 ei
383 3893 592 3949 matre;
622 3884 746 3953 quia
769 3896 891 3937 cum
923 3883 1160 3951 procedit
1186 3898 1250 3937 ex
1280 3874 1447 3950 patre,
1471 3874 1582 3936 iion

84 3950 397 4023 tuncprocedit
418 3970 483 4009 ex
514 3950 708 4019 matre,
747 3963 801 4009 et
828 3950 947 4007 cum
978 3954 1216 4023 procedit
1241 3969 1304 4007 ex
1335 3966 1501 4008 matre
1531 3955 1581 4007 in

85 4011 147 4068 hac
170 4011 280 4086 luee,
304 4039 403 4079 non
432 4035 559 4080 tunc
594 4011 845 4093 procedit
886 4040 950 4077 ex
978 4011 1162 4093 'patre.
1195 4024 1418 4093 Spiritus
1459 4040 1585 4079 vero

84 4096 235 4165 sanctus
258 4109 353 4165 non
389 4096 456 4151 de
494 4096 657 4152 Patre
681 4095 920 4165 procedit
948 4094 1001 4148 in
1032 4095 1245 4161 Filium,
1281 4106 1333 4149 et
1358 4096 1421 4150 de
1451 4095 1585 4149 Filio

86 4160 256 4216 ltocedit
287 4164 346 4219 ad
371 4160 803 4222 sanctiﬁcandam
834 4178 1152 4231 creaturam,
1190 4165 1284 4221 sed
1332 4167 1489 4221 simul
1518 4167 1586 4221 de

87 4236 248 4303 utroque
275 4238 518 4303 procedit.

129 4297 299 4361 Quasi.
334 4307 422 4363 XI.
462 4308 744 4377 Quomodo
772 4308 1171 4378 intelligendum
1197 4318 1276 4362 est
1295 4307 1420 4362 illud
1442 4308 1585 4377 quod

84 4361 255 4450 inmunes
275 4361 901 4450 evangelistadeSpiritu
930 4361 1115 4433 sancto
1142 4361 1288 4442 dieit,
1310 4361 1584 4450 quoil|non

85 4432 268 4520 ιυίιιιυιυι
288 4463 311 4498 8
660 4432 908 4505 Sicrenitn
932 4453 1005 4504 ait
1023 4432 1049 4499 :7
1064 4432 1187 4503 Non
1204 4432 1338 4503 enini
1361 4432 1589 4517 loquetur

84 4518 378 4654 ξνῗειίιὲςὶρεω
421 4518 873 4593 δεάἸιιιωειιηιᾳυε
906 4523 1094 4585 audiet,
1136 4522 1363 4592 loquetur
1408 4520 1586 4594 (Joan.

136 4593 163 4641 1,
182 4593 265 4641 15).

135 4649 257 4736 Βεξιί.
291 4659 395 4736 Non
426 4663 675 4736 loquetur
718 4680 747 4717 a
787 4667 1093 4733 semetipso,
1146 4665 1294 4736 quia,
1317 4679 1419 4716 non
1451 4672 1533 4736 est
1560 4679 1589 4716 a

88 4731 321 4799 temetipso.
355 4731 512 4789 Pater'
530 4735 674 4789 enim
697 4751 727 4789 a
754 4736 897 4791 nullo
922 4731 1003 4790 cst
1027 4731 1210 4799 natus;
1242 4733 1405 4788 Filius
1429 4750 1457 4787 a
1488 4734 1591 4789 Pa-

90 4796 227 4875 tre'cst
248 4804 465 4875 genitus;
493 4806 724 4875 Spiritus
744 4817 959 4861 sanctus
984 4821 1012 4858 a
1042 4796 1205 4860 Patre
1227 4815 1279 4859 et
1313 4806 1443 4859 Filio
1466 4819 1592 4873 pro-

90 4862 387 4946 cedens._'_ldeo
415 4862 518 4930 non
539 4862 781 4946 loquitur
802 4894 829 4931 a
858 4878 1177 4945 semetipso;
1209 4876 1299 4931 sed
1328 4862 1594 4946 qumcum-

90 4942 161 5017 que
181 4939 317 5006 audit,
342 4944 587 5017 loquitur.
617 4939 815 5003 Audire
845 4948 921 5002 illi
958 4939 1077 5003 esse
1103 4939 1215 5013 est;
1256 4939 1376 5003 esse
1414 4958 1591 5001 autem

91 5012 280 5136 ἒυεᾶυῗοιι
301 5012 515 5084 ρει,“εθά
536 5034 569 5074 a
598 5018 754 5074 Patre
774 5038 787 5073 :
810 5020 929 5074 ideo
949 5012 1299 5090 quaecumque
1325 5019 1490 5083 audit,
1516 5019 1595 5073 lo—

174 5093 237 5132 ιη’.

140 5143 317 5233 Quor.
353 5156 463 5214 XII.
502 5160 640 5230 Quid
669 5171 754 5233 est
780 5161 921 5233 quod
951 5161 1078 5216 dicit
1097 5159 1370 5233 apostolus
1398 5160 1592 5215 Paulus

93 5211 1594 5305 {saginanam-ise};{Nimia.3eav.1ji'.;§{.ii,“aai

95 5295 255 5375 Ἦῐξςξ.
280 5301 661 5375 ηςεοίνηιιεςγεεά
688 5304 796 5375 ipse
820 5295 1047 5374 Spiritus
1074 5301 1293 5374 postulat
1327 5295 1434 5374 'pro’
1456 5303 1595 5375 nobis

783 5362 881 5441 Qui
918 5362 1091 5428 αωεηὶ
1130 5362 1382 5445 scrutati»
1416 5372 1592 5441 corda,

97 5434 275 5517 iiii/1"“
298 5440 524 5517 άαίάενςει
548 5434 824 5517 μςρίιὶηηῖ
851 5446 971 5517 quia
995 5444 1269 5517 secundum
1297 5443 1459 5498 Deum
1504 5434 1596 5516 po;

98 5496 519 5589 “ﬂamma
536 5496 975 5589 (homines;
998 5496 1127 5588 ii

121 5566 917 5665 ςηίξξξίξε,Μψίιξξιὲῐέἶὸξέιιὶὶᾇῇίξ
927 5566 1241 5665 ἱξεῖίιίρηιθν
1269 5587 1329 5665 ξιτιΔ
1351 5586 1593 5665 βαίνω-

102 5645 154 5726 ξιξ
167 5649 330 5708 sanctis
349 5654 621 5726 invenitur,
646 5659 782 5715 sicut
801 5660 930 5714 dicit
950 5645 1205 5715 uoi'ninus
1219 5658 1284 5714 ad
1304 5645 1591 5724 Abraham,

433 5700 782 5804 Ἠῖἱξῦἱέἔὶ
801 5700 1593 5804 Ϊῦἔιὶῖηῗῖόἑῖἷὲἶὶζ“ἴὲῑέᾜὸἑ

107 5786 491 5871 ῗῗξωςῖιοεοιὶιτε
533 5807 584 5855 te
621 5802 717 5858 feci
739 5820 753 5857 :
776 5801 912 5857 sicut
937 5786 1063 5857 dicit
1101 5786 1595 5871 Apostoius,’Nunc

110 5859 388 5920 τοςηοκωα
408 5866 583 5939 Deum,
608 5872 711 5928 ima
744 5888 876 5928 nunc
895 5872 1081 5944 cogniti
1105 5889 1135 5925 η
1152 5859 1268 5926 ’Βεο
1296 5859 1487 5941 (Halat.
1512 5887 1582 5939 tv,

3164 386 3271 452 758

1687 487 1763 571 ρ).
1795 487 2019 571 Semper
2056 490 2233 571 omnia
2258 489 2309 545 in
2334 492 2616 571 pmsentia
2647 493 2748 571 _Dei
2782 503 2946 571 sunt;
2975 505 3258 571 antequam

1684 559 1834 639 liant,
1864 562 2144 639 priesentia
2171 559 2399 626 sunt;'et
2440 562 2623 639 l_‘u_tura_
2641 564 2747 631 jam
2776 564 2913 639 facta
2935 559 3091 623 sunt:
3114 559 3258 639 quo-

1682 628 1843 683 modo
1873 646 2011 686 nunc
2036 631 2264 687 dicimur
2305 633 2501 701 cogniti
2530 650 2560 688 a
2594 628 2721 701 Deo,
2752 637 2849 692 nisi
2884 636 3106 693 faciente
3140 628 3262 694 'Dco

1683 706 1742 752 ut
1774 714 2157 770 cognoscamus
2187 703 2349 758 Deum
2366 703 2399 777 ?_
2416 704 2502 777 Sic
2526 715 2593 777 et
2623 706 2706 761 hic
2747 708 2996 762 scribitur
3037 709 3264 777 Spiritus

1666 779 1897 847 sanctus
1930 787 2147 847 gemere
2190 788 2286 847 pro
2317 775 2489 847 nobis,
2521 776 2703 847 idest,
2736 788 3012 847 gementes
3045 775 3139 834 nos
3186 780 3264 833 fa.

1682 855 1833 896 cere.
1876 841 2110 897 Infundit
2150 841 2291 898 enim
2338 845 2493 900 nobis
2539 841 2855 903 charita'tem
2906 850 2957 902 in
3007 850 3169 904 Deum
3215 860 3270 905 et

1682 913 2006 988 proximum.
2042 914 2186 988 Sicut
2212 914 2588 988 diciturglaztus
2613 917 2749 983 dies,
2775 920 2914 988 quod
2937 921 3087 974 laetos
3110 920 3266 975 facit:

1680 991 1772 1060 aut
1802 984 1985 1060 tristis,
2025 984 2163 1060 quod
2192 985 2370 1060 tristes
2408 986 2558 1053 facit;
2577 995 2676 1060 _aut
2706 984 2822 1043 laeta
2850 990 3096 1057 epistola,
3124 991 3266 1060 quod

1682 1052 1835 1108 laetos
1866 1055 1989 1130 facit
2009 1073 2019 1107 :
2044 1052 2121 1109 ita
2144 1064 2197 1110 et
2218 1056 2303 1112 hic
2328 1072 2543 1130 gemere
2557 1058 2752 1114 dicitur
2773 1052 3003 1130 Spiritus
3024 1052 3262 1126 sanctus,

1682 1137 1748 1179 eo
1776 1125 1915 1193 quod
1943 1140 2037 1179 nos
2062 1125 2350 1196 gementes
2368 1127 2511 1183 facit.

1753 1196 1970 1273 Quassr.
2013 1196 2150 1251 Xlll.
2191 1196 2322 1252 Cum
2350 1199 2516 1254 Judaei
2566 1200 2773 1273 signum
2818 1210 3061 1273 peterent
3100 1217 3129 1255 a
3160 1202 3267 1257 Do-

1682 1266 1828 1339 mino
1857 1265 2135 1321 Salvatore
2160 1279 2362 1334 nostro,
2394 1265 2667 1339 respondit
2695 1272 2795 1325 illis
2816 1265 2837 1325 ἴ
2862 1271 3130 1325 Generatio
3158 1275 3266 1326 haec

1682 1336 2155 1413 adulteraﬂguum
2179 1342 2378 1413 quierit,
2402 1351 2451 1413 et
2469 1336 2669 1413 signum
2706 1359 2803 1413 non
2830 1342 3030 1396 dabitur
3068 1343 3136 1406 ei,
3168 1344 3267 1398 nisi

1682 1406 1883 1486 signum
1910 1406 2059 1486 ,Ιοζιαξ
2085 1406 2362 1486 prophetae.
2390 1406 2681 1486 Sicutenim
2704 1412 2867 1467 Jonas
2888 1414 2982 1486 fuit
3017 1414 3068 1486 in
3094 1423 3264 1486 ventre

1683 1478 1775 1527 ceti
1789 1478 1944 1548 tribus
1961 1478 2135 1532 diebus
2157 1490 2203 1533 et
2222 1482 2380 1535 (ribus
2398 1483 2645 1548 noctibus,
2662 1485 2733 1536 ita
2751 1486 2842 1537 erit
2860 1478 2904 1538 et
2927 1482 2970 1535 F
2973 1485 3090 1538 ilius
3104 1485 3261 1537 homi-

1682 1548 1760 1600 nis
1780 1547 2168 1623 in_c_ordeterrw
2186 1552 2341 1605 tribus
2367 1554 2539 1608 diebus
2558 1564 2603 1608 et
2621 1547 2776 1610 tribus
2799 1554 3022 1608 noctibus
3047 1554 3259 1623 (Matth.

1688 1632 1783 1697 xit,
1818 1619 2038 1697 59,_4_0).
2074 1623 2317 1697 Approba
2356 1639 2482 1694 ergo
2512 1626 2778 1694 quomodo
2805 1627 2855 1679 in
2883 1619 3086 1680 inferno
3108 1625 3267 1680 fuerit

1685 1687 1853 1761 tribus
1877 1687 2083 1754 diebus,
2113 1687 2172 1745 ei
2189 1694 2354 1748 tribus
2376 1687 2640 1761 noctibus,
2668 1712 2790 1751 cum
2821 1696 2908 1750 die
2948 1705 3095 1750 sexta
3125 1696 3253 1750 sab-

1684 1757 1789 1840 bati
1814 1776 1930 1840 qua:
1951 1769 2380 1840 est_parasceve._
2400 1768 2526 1819 hora
2559 1757 2699 1821 nona
2728 1768 2965 1840 emiserit
2992 1767 3256 1840 spiritum,

1684 1837 1736 1881 et
1765 1832 1945 1905 prima
1981 1832 2184 1905 sa_bbati
2213 1841 2337 1889 ante
2368 1836 2539 1891 lucem
2568 1853 2686 1905 quae
2729 1846 2813 1891 est
2858 1832 3147 1899 Dominica,
3178 1832 3263 1892 re-

1683 1904 1993 1957 surrexerit.
2021 1902 2162 1959 Ecce
2190 1920 2294 1959 non
2325 1918 2449 1960 sunt
2492 1902 2601 1962 tres
2642 1907 2756 1962 dies
2797 1907 2957 1977 pleni,
3009 1923 3105 1963 nec
3154 1916 3263 1963 tres

1684 1979 1890 2027 ιιοριεε.

1756 2041 1915 2116 Resp.
1958 2043 2172 2114 Antiqui
2197 2054 2377 2115 patres
2412 2048 2577 2102 nostri
2614 2049 2713 2102 hoc
2740 2057 3041 2114 senserunt,
3072 2058 3128 2103 ut
3155 2050 3267 2116 pri-

1682 2126 1771 2166 ma
1800 2112 1915 2170 dies
1933 2112 2172 2189 quaeest
2201 2112 2498 2187 'parasceve
2519 2135 2548 2172 a
2578 2130 2725 2189 parte
2752 2119 2960 2185 ultima,
2991 2112 3045 2174 et
3078 2112 3261 2174 ultima

1683 2197 1802 2259 quae
1828 2194 1910 2259 est
1933 2185 2265 2241 Dominica'a
2309 2200 2457 2257 parte
2495 2185 2685 2259 prima,
2719 2200 2823 2245 tota
2857 2206 2978 2244 cum
3022 2192 3267 2245 noctibus

1684 2255 1794 2308 suis
1821 2255 2010 2310 debeat
2040 2255 2337 2331 computari
2375 2279 2389 2313 :
2436 2255 2598 2315 et'ita
2640 2260 3033 2331 denominando
3057 2277 3087 2315 a
3119 2272 3269 2331 parte

1686 2332 1875 2391 totum,
1917 2336 2024 2382 tres
2072 2327 2183 2383 dies
2213 2328 2461 2396 fuerunt;
2487 2332 2668 2384 ultima
2721 2346 2842 2398 pars
2892 2330 3037 2387 ferite
3080 2327 3263 2396 sexta),

1688 2404 1863 2520 totunli)
1887 2398 2185 2463 sabbatum,
2216 2409 2271 2455 et
2314 2402 2482 2470 prima
2514 2416 2635 2470 pars
2680 2401 2975 2456 Dominicm
3005 2418 3123 2455 cum
3156 2402 3267 2456 suis

1688 2477 1823 2520 nocti
1870 2483 1951 2520 us.

1683 2477 1951 2521 DOCIIDUS.

1756 2538 1970 2609 ngs'r.
2026 2539 2164 2594 XIV.
2226 2540 2358 2595 Cum
2404 2543 2737 2609 repromittat
2786 2542 3037 2596 Dominus
3084 2551 3267 2597 noster

1684 2608 1839 2683 .lesus
1885 2608 2157 2683 _Christus
2172 2613 2379 2683 _sanctis
2408 2608 2545 2680 quod
2576 2613 2626 2666 in
2658 2614 3049 2666 resurrectione
3092 2612 3268 2683 fulge-

1683 2680 1817 2733 bunt
1854 2681 1990 2753 sicut
2032 2682 2111 2734 sol
2140 2680 2249 2751 (Id.
2291 2698 2404 2749 xui,
2442 2684 2555 2753 45),
2587 2698 2750 2751 quare
2790 2683 2901 2752 ipse
2928 2680 3193 2738 Dominus
3215 2685 3270 2738 in

1684 2752 2075 2805 resurrectione
2102 2767 2197 2806 sua
2229 2753 2307 2808 sic
2335 2768 2440 2808 non
2468 2752 2648 2808 fulsit?

1757 2820 1916 2894 RESP.
1945 2820 2242 2894 Clariiicata
2263 2839 2423 2878 carne
2441 2827 2619 2894 utique
2636 2823 2957 2889 resurrexit;
2981 2823 3075 2879 sed
3098 2824 3269 2879 noluit

1684 2890 1738 2946 in
1765 2906 1824 2945 ea
1854 2891 2236 2964 clarificatione
2256 2890 2667 2964 discipulis—suis
2697 2910 2975 2964 apparere,
3006 2896 3125 2963 quia
3158 2911 3263 2948 non

1684 2970 1904 3032 possent
1917 2962 2086 3017 oculis
2101 2964 2211 3019 suis
2226 2964 2381 3020 talem
2392 2962 2693 3020 claritatem
2713 2962 3033 3034 perspicere.
3047 2966 3101 3019 Si
3122 2967 3265 3021 enim

1684 3042 1971 3106 antequam
1994 3044 2292 3090 moreretur
2312 3051 2407 3105 pro
2429 3038 2583 3091 nobis
2602 3045 2658 3090 et
2687 3047 3009 3106 resurgeret,
3047 3037 3264 3106 quando

1687 3104 2092 3174 transﬁguratus
2112 3115 2193 3161 est
2215 3106 2267 3161 in
2291 3104 2491 3172 monte,
2529 3107 2774 3177 discipuli
2813 3104 2894 3161 sui
2925 3122 3043 3162 eum
3066 3104 3267 3177 :videre

1684 3190 1791 3229 non
1823 3184 2128 3245 potuerunt,
2161 3178 2255 3231 sed
2287 3193 2396 3246 prie
2424 3180 2613 3233 timore
2637 3176 2686 3231 in
2710 3186 2905 3231 terram
2933 3176 3260 3242 ceciderunt;

1685 3256 1884 3316 quanto
1910 3248 2097 3317 magis,
2151 3246 2437 3303 clarificata
2473 3263 2634 3304 carne
2661 3248 2889 3313 Domini,
2929 3263 3046 3303 eam
3086 3249 3270 3304 videre

1684 3333 1790 3388 non
1813 3317 2139 3388 potuerunt?

1755 3387 1978 3460 Quasr.
1998 3388 2115 3443 XV.
2136 3388 2345 3460 Marcus
2388 3390 2709 3460 evangelista
2762 3397 2943 3460 narrat
2988 3389 3268 3445 Dominum

1686 3458 1815 3542 hora
1867 3458 2583 3542 tertia_cruciflxum_(_Marc.
2610 3476 2717 3542 xv,
2760 3460 2889 3542 25),
2916 3459 3269 3542 Joannes_au-

1688 3539 1792 3585 tem
1824 3538 1969 3613 sexta
1985 3529 2180 3655 ((Jomt.
2207 3547 2296 3586 χιιι
2315 3573 2332 3599 ,
2365 3529 2592 3604 Iit-l8);
2624 3531 2711 3586 cui
2738 3529 2913 3601 potius
2941 3532 3266 3587 credendum

1688 3611 1768 3655 est
1793 3617 1858 3655 ex
1881 3601 1961 3655 his
2024 3602 2229 3655 uobus?

1686 3611 1768 3657 est
1793 3617 1858 3655 ex
1881 3611 1961 3656 hlS

1758 3672 1919 3726 Resp.
1968 3672 2035 3727 Et
2074 3674 2163 3727 ille
2191 3688 2373 3727 verum
2421 3672 2588 3739 dixit,
2637 3682 2691 3728 et
2716 3673 2802 3728 ille
2845 3673 3107 3728 similiter.
3136 3671 3269 3728 Nam

1688 3743 1819 3799 liora
1850 3743 2001 3798 tertia
2029 3745 2388 3799 clamaverunt
2421 3744 2589 3799 Pilato
2612 3744 2781 3799 Judaii
2812 3762 2824 3797 :
2854 3743 3122 3814 Cruoiﬁge,
3157 3761 3273 3797 cru-

1687 3815 1974 3886 ciﬁgeieum
2008 3813 2155 3885 (Luc.
2188 3830 2355 3879 χχιιι,
2387 3815 2499 3886 2i).
2532 3815 2721 3886 Milites
2748 3826 2924 3886 autem
2964 3813 3091 3886 hora
3121 3824 3269 3869 sexta

1687 3885 2064 3940 crucifixerunt
2107 3902 2250 3943 eum.
2300 3885 2466 3956 Igitur
2490 3885 2630 3954 quod
2679 3886 2754 3939 illi
2806 3885 3015 3956 lingua,
3054 3885 3156 3940 hoc
3185 3886 3271 3940 isti

1688 3956 1931 4010 manibus
1970 3956 2275 4011 effecerunt.
2324 3954 2402 4011 Ne
2429 3966 2606 4011 autem
2632 3954 2937 4011 viderentur
2963 3954 3133 4011 Judaei
3164 3972 3271 4011 non

1688 4025 2020 4082 crucifixisse
2064 4028 2343 4081 Dominum
2364 4067 2379 4090 ,
2428 4027 2547 4080 ideo
2575 4026 2896 4095 evangelista
2936 4027 3111 4094 posuit
3142 4025 3272 4081 hora

1690 4098 1843 4153 tertia
1865 4097 2175 4151 cruciﬁxum
2206 4098 2520 4163 Dominum,
2544 4097 2666 4166 quia
2694 4112 2797 4150 non
2826 4105 3027 4150 tantum
3054 4096 3127 4166 illi
3150 4111 3274 4151 cru-

1689 4170 1973 4222 cifixcrunt
2016 4168 2105 4237 qui
2155 4167 2508 4238 ministerium
2550 4165 2931 4238 impleverunt,
2977 4165 3070 4221 sed
3101 4166 3271 4238 etilli

1691 4240 1780 4308 qui
1806 4235 2182 4292 clamave'runt.
2215 4236 2270 4291 In
2303 4238 2380 4292 eis
2406 4238 2548 4291 cnim
2574 4235 2896 4308 completum
2922 4246 3005 4291 est
3028 4235 3171 4306 quod
3194 4237 3270 4291 ait

1692 4307 2137 4379 Psalmograplius
2184 4324 2198 4360 :
2256 4308 2377 4360 Filii
2405 4308 2663 4362 hominum
2687 4349 2702 4373 ,
2726 4307 2896 4360 dentes
2922 4323 3097 4379 eorum
3129 4323 3273 4362 arma

1692 4392 1736 4435 et
1766 4376 1959 4449 sagitta:
1981 4376 2065 4445 ,iet
2087 4380 2260 4451 lingua
2289 4396 2463 4433 eorum
2490 4379 2742 4451 machaera
2768 4376 3111 4451 acutaA(P_aal.
3142 4393 3226 4433 LVI
3249 4418 3266 4444 ,

1692 4453 1772 4521 5).
1804 4451 1966 4505 Vides
1993 4448 2202 4520 qualem
2230 4451 2458 4520 gladium
2486 4450 2804 4517 habuerunt,
2837 4448 2975 4504 unde
3005 4449 3133 4504 hora
3161 4458 3271 4505 ter-

1692 4524 1761 4577 tia
1793 4524 2069 4576 Dominum
2096 4522 2419 4577 occiderunt.

1764 4594 1983 4659 Quasr.
2006 4592 2146 4647 XVI.
2188 4596 2316 4648 Cum
2350 4595 2485 4648 Deus
2510 4593 2689 4647 omnia
2716 4593 2851 4646 bona
2881 4591 3161 4654 creaverit,
3192 4590 3274 4645 ni-

1696 4664 1877 4734 hilque
1902 4666 1970 4718 sit
1991 4664 2130 4733 quod
2151 4680 2257 4719 non
2277 4665 2450 4719 abillo
2476 4664 2742 4718 conditum
2771 4664 2858 4727 sit,
2883 4662 3019 4716 unde
3045 4662 3275 4715 malum?

1766 4736 1926 4790 Rssr.
1952 4736 2141 4789 Malum
2170 4747 2354 4789 natura
2380 4751 2483 4789 non
2510 4746 2627 4799 est;
2654 4734 2744 4789 sed
2774 4735 2997 4801 privatio
3024 4734 3145 4787 boni
3177 4736 3275 4786 hoc

1696 4823 1889 4861 nomen
1918 4808 2140 4874 accepit.
2176 4807 2413 4876 Denique
2442 4806 2638 4860 bonum
2672 4814 2845 4876 potest
2871 4818 2990 4858 esse
3017 4805 3131 4858 sine
3158 4819 3273 4857 ma-

1697 4879 1748 4933 lo
1770 4920 1783 4942 ,
1834 4878 1924 4932 sed
1957 4879 2153 4931 malum
2184 4894 2286 4931 non
2318 4874 2489 4946 potest
2519 4891 2638 4930 esse
2679 4876 2795 4929 sine
2826 4874 2965 4930 bono
2986 4916 2998 4938 ,
3036 4890 3133 4929 nec
3176 4890 3274 5000 Ro-

1697 4957 1801 5000 test
1829 4964 1948 5000 esse
1991 4949 2186 5000 malum
2220 4949 2304 5000 ubi
2352 4962 2455 5000 non
2487 4946 2647 5000 fuerit
2690 4945 2907 5000 bonum.
2939 4946 3016 5000 Ac
3047 4961 3142 5000 Der
3212 4962 3274 5000 oc

1697 4957 1801 5003 test
1829 4964 1948 5003 esse
1991 4949 2186 5001 malum
2220 4945 2455 5000 ubinon
2487 4946 2647 5001 fuerit
2690 4945 2907 5000 bonum.
2939 4946 3016 5000 Ac
3047 4961 3142 5014 per
3176 4945 3277 5001 hoc

1698 5020 1919 5074 dicimus
1958 5026 2013 5073 et
2053 5019 2297 5088 angelum
2342 5018 2538 5072 bonum
2566 5025 2621 5071 et
2668 5018 2912 5086 angelum
2964 5019 3193 5083 malum,
3226 5027 3279 5073 et

1698 5092 1968 5145 hominem
2014 5089 2206 5143 bonum
2249 5097 2303 5142 et
2343 5088 2614 5143 hominem
2660 5089 2896 5143 malum:
2928 5088 3024 5143 sed
3082 5089 3280 5144 bonum

1698 5160 1838 5231 quod
1884 5159 2134 5231 angelus,
2183 5159 2383 5231 malum
2408 5159 2550 5231 quod
2595 5160 2851 5231 vitiosus;
2899 5160 3094 5231 bonum
3138 5160 3279 5231 quod

1700 5229 1894 5295 homo,
1928 5230 2123 5285 malum
2154 5229 2294 5300 quod
2337 5230 2582 5285 vitiosus.
2630 5229 2858 5301 Ideoque
2903 5230 3115 5301 quando
3142 5230 3279 5286 dici-

1698 5318 1819 5357 mus
1843 5303 2062 5368 bonum,
2086 5311 2323 5355 naturam
2352 5300 2659 5367 laudamus;
2690 5300 2901 5371 quando
2921 5300 3142 5356 dicimus
3164 5316 3282 5354 ma-

1698 5375 1809 5429 lum
1828 5415 1844 5440 ,
1875 5388 1979 5428 non
2022 5382 2264 5427 naturam
2285 5414 2300 5439 ,
2349 5372 2445 5444 sed
2474 5373 2659 5444 vitium
2680 5413 2695 5438 ,
2725 5372 2867 5444 quod
2896 5380 2978 5427 est
3002 5372 3154 5427 bona-
3179 5385 3279 5424 na-

1701 5455 1833 5501 turae
1861 5445 2185 5500 contrarium
2205 5484 2230 5514 ,ν
2246 5442 2708 5514 reprehendimus.

1771 5517 1983 5584 Qums'r.
2013 5514 2176 5571 XVII.
2204 5509 2403 5571 Omnes
2426 5515 2615 5586 Angeli
2638 5513 2870 5583 aequales
2895 5526 2964 5565 an
2991 5509 3280 5586 inagquales

1700 5578 1865 5664 creati
1902 5587 2059 5664 sunt?
2099 5578 2542 5664 Et_si_gequale_s',
2572 5601 2668 5639 cur
2696 5578 2800 5664 non
2847 5593 3034 5635 omnes
3061 5578 3199 5664 ﬁrmi
3227 5590 3283 5664 et

1701 5660 1917 5715 stabiles
1944 5657 2196 5713 fuerunt?
2240 5655 2297 5712 Si
2323 5650 2450 5712 vero
2486 5653 2801 5724 inaequales,
2831 5664 2937 5719 quo
2974 5650 3166 5703 merito
3191 5650 3286 5707 alii

1700 5730 2049 5803 prmscientize
2084 5742 2196 5784 suae
2225 5727 2566 5803 stabilitatem
2592 5722 2837 5803 accipere
2856 5728 3201 5803 meruerunt,
3231 5729 3290 5778 et

1700 5787 1787 5856 alii
1815 5799 2053 5856 futurum
2082 5812 2193 5854 suae
2219 5798 2385 5853 ruina:
2413 5810 2593 5852 casum
2623 5787 2841 5848 minime
2870 5787 3163 5859 praevidere
3184 5805 3288 5865 po-

1708 5872 1954 5928 tuerunt?

2024 3602 2229 3656 uobus?
