  <div class='ocr_page' id='page_1' title='image "/cluster/home/n/w/nwhite01/storage/ocr_20150623/40/uva.x000669811/383.png"; bbox 0 0 3860 6284; ppageno 0'>
   <div class='ocr_carea' id='block_1_1' title="bbox 557 224 658 283">
    <p class='ocr_par' dir='ltr' id='par_1_1' title="bbox 557 224 658 283">
     <span class='ocr_line' id='line_1_1' title="bbox 557 224 658 283; baseline 0 -1"><span class='ocrx_word' id='word_1_1' title='bbox 557 224 658 283; x_wconf 76' lang='lat'><strong>751</strong></span> 
     </span>
    </p>
   </div>
   <div class='ocr_carea' id='block_1_2' title="bbox 550 339 2147 413">
    <p class='ocr_par' dir='ltr' id='par_1_2' title="bbox 550 339 2147 413">
     <span class='ocr_line' id='line_1_2' title="bbox 550 339 2147 413; baseline -0.003 -18"><span class='ocrx_word' id='word_1_2' title='bbox 550 341 666 413; x_wconf 89' lang='lat' dir='ltr'><strong>puli</strong></span> <span class='ocrx_word' id='word_1_3' title='bbox 707 339 916 411; x_wconf 84' lang='lat' dir='ltr'><strong>figurati</strong></span> <span class='ocrx_word' id='word_1_4' title='bbox 957 345 1116 413; x_wconf 79' lang='lat' dir='ltr'><strong>sunt,</strong></span> <span class='ocrx_word' id='word_1_5' title='bbox 1163 353 1324 413; x_wconf 81' lang='lat' dir='ltr'><strong>unam</strong></span> <span class='ocrx_word' id='word_1_6' title='bbox 1363 347 1582 413; x_wconf 25' lang='lat' dir='ltr'><strong>vestem‘</strong></span> <span class='ocrx_word' id='word_1_7' title='bbox 1606 352 1636 391; x_wconf 91' lang='lat' dir='ltr'><strong>a</strong></span> <span class='ocrx_word' id='word_1_8' title='bbox 1675 345 1826 408; x_wconf 89' lang='lat' dir='ltr'><strong>tergo</strong></span> <span class='ocrx_word' id='word_1_9' title='bbox 1853 345 2147 407; x_wconf 98' lang='lat' dir='ltr'><strong>portantes,</strong></span> 
     </span>
    </p>
   </div>
   <div class='ocr_carea' id='block_1_3' title="bbox 552 408 2150 480">
    <p class='ocr_par' dir='ltr' id='par_1_3' title="bbox 552 408 2150 480">
     <span class='ocr_line' id='line_1_3' title="bbox 552 408 2150 480; baseline -0.004 -13"><span class='ocrx_word' id='word_1_10' title='bbox 552 408 951 468; x_wconf 61' lang='lat' dir='ltr'><strong>incrementum</strong></span> <span class='ocrx_word' id='word_1_11' title='bbox 987 408 1194 466; x_wconf 79' lang='lat' dir='ltr'><strong>scilicet</strong></span> <span class='ocrx_word' id='word_1_12' title='bbox 1227 410 1337 480; x_wconf 87' lang='lat' dir='ltr'><strong>jatn</strong></span> <span class='ocrx_word' id='word_1_13' title='bbox 1374 409 1656 480; x_wconf 59' lang='lat' dir='ltr'><strong>praeteritae</strong></span> <span class='ocrx_word' id='word_1_14' title='bbox 1684 417 1842 478; x_wconf 89' lang='lat' dir='ltr'><strong>atque</strong></span> <span class='ocrx_word' id='word_1_15' title='bbox 1870 416 2150 462; x_wconf 87' lang='lat' dir='ltr'><strong>transactae</strong></span> 
     </span>
    </p>
   </div>
   <div class='ocr_carea' id='block_1_4' title="bbox 552 481 2151 553">
    <p class='ocr_par' dir='ltr' id='par_1_4' title="bbox 552 481 2151 553">
     <span class='ocr_line' id='line_1_4' title="bbox 552 481 2151 553; baseline -0.003 -16"><span class='ocrx_word' id='word_1_16' title='bbox 552 482 842 553; x_wconf 67' lang='lat' dir='ltr'><strong>dominicae</strong></span> <span class='ocrx_word' id='word_1_17' title='bbox 861 481 1172 553; x_wconf 56' lang='lat' dir='ltr'><strong>passionis;</strong></span> <span class='ocrx_word' id='word_1_18' title='bbox 1191 481 1482 536; x_wconf 75' lang='lat' dir='ltr'><strong>nuditatem</strong></span> <span class='ocrx_word' id='word_1_19' title='bbox 1507 481 1672 550; x_wconf 82' lang='lat' dir='ltr'><strong>patris</strong></span> <span class='ocrx_word' id='word_1_20' title='bbox 1695 487 1950 553; x_wconf 72' lang='lat' dir='ltr'><strong>tegentes,</strong></span> <span class='ocrx_word' id='word_1_21' title='bbox 1977 493 2151 549; x_wconf 87' lang='lat' dir='ltr'><strong>neque</strong></span> 
     </span>
    </p>
   </div>
   <div class='ocr_carea' id='block_1_5' title="bbox 498 551 2150 622">
    <p class='ocr_par' dir='ltr' id='par_1_5' title="bbox 498 551 2150 622">
     <span class='ocr_line' id='line_1_5' title="bbox 498 551 2150 622; baseline -0.005 -12"><span class='ocrx_word' id='word_1_22' title='bbox 498 569 510 578; x_wconf 73' lang='lat'><strong><em>‘</em></strong></span> <span class='ocrx_word' id='word_1_23' title='bbox 552 552 829 610; x_wconf 83' lang='lat' dir='ltr'><strong>intuentes</strong></span> <span class='ocrx_word' id='word_1_24' title='bbox 848 551 880 621; x_wconf 57' lang='grc'><strong>,⁷</strong></span> <span class='ocrx_word' id='word_1_25' title='bbox 897 557 989 622; x_wconf 87' lang='lat' dir='ltr'><strong>qui</strong></span> <span class='ocrx_word' id='word_1_26' title='bbox 1027 554 1080 607; x_wconf 92' lang='lat' dir='ltr'><strong>in</strong></span> <span class='ocrx_word' id='word_1_27' title='bbox 1115 551 1313 606; x_wconf 83' lang='lat' dir='ltr'><strong>Christi</strong></span> <span class='ocrx_word' id='word_1_28' title='bbox 1347 567 1534 607; x_wconf 86' lang='lat' dir='ltr'><strong>necem</strong></span> <span class='ocrx_word' id='word_1_29' title='bbox 1565 551 2150 622; x_wconf 80' lang='lat' dir='ltr'><strong>nonconsentiunt,et</strong></span> 
     </span>
    </p>
   </div>
   <div class='ocr_carea' id='block_1_6' title="bbox 553 620 2151 693">
    <p class='ocr_par' dir='ltr' id='par_1_6' title="bbox 553 620 2151 693">
     <span class='ocr_line' id='line_1_6' title="bbox 553 620 2151 693; baseline -0.003 -15"><span class='ocrx_word' id='word_1_30' title='bbox 553 637 678 678; x_wconf 91' lang='lat' dir='ltr'><strong>eum</strong></span> <span class='ocrx_word' id='word_1_31' title='bbox 707 620 971 693; x_wconf 83' lang='lat' dir='ltr'><strong>honorant</strong></span> <span class='ocrx_word' id='word_1_32' title='bbox 993 623 1316 687; x_wconf 87' lang='lat' dir='ltr'><strong>velamento,</strong></span> <span class='ocrx_word' id='word_1_33' title='bbox 1345 631 1594 693; x_wconf 83' lang='lat' dir='ltr'><strong>tanquam</strong></span> <span class='ocrx_word' id='word_1_34' title='bbox 1621 621 1851 693; x_wconf 79' lang='lat' dir='ltr'><strong>scientes</strong></span> <span class='ocrx_word' id='word_1_35' title='bbox 1877 620 2016 675; x_wconf 91' lang='lat' dir='ltr'><strong>unde</strong></span> <span class='ocrx_word' id='word_1_36' title='bbox 2032 621 2151 693; x_wconf 85' lang='lat' dir='ltr'><strong>sint</strong></span> 
     </span>
    </p>
   </div>
   <div class='ocr_carea' id='block_1_7' title="bbox 553 691 2149 762">
    <p class='ocr_par' dir='ltr' id='par_1_7' title="bbox 553 691 2149 762">
     <span class='ocr_line' id='line_1_7' title="bbox 553 691 2149 762; baseline -0.003 -12"><span class='ocrx_word' id='word_1_37' title='bbox 553 695 688 750; x_wconf 84' lang='lat' dir='ltr'><strong>nati.</strong></span> <span class='ocrx_word' id='word_1_38' title='bbox 720 691 925 749; x_wconf 79' lang='lat' dir='ltr'><strong>Medius</strong></span> <span class='ocrx_word' id='word_1_39' title='bbox 970 694 1144 760; x_wconf 87' lang='lat' dir='ltr'><strong>filius,</strong></span> <span class='ocrx_word' id='word_1_40' title='bbox 1193 693 1245 747; x_wconf 89' lang='lat' dir='ltr'><strong>id</strong></span> <span class='ocrx_word' id='word_1_41' title='bbox 1290 702 1373 748; x_wconf 91' lang='lat' dir='ltr'><strong>est</strong></span> <span class='ocrx_word' id='word_1_42' title='bbox 1413 691 1642 762; x_wconf 86' lang='lat' dir='ltr'><strong>populus</strong></span> <span class='ocrx_word' id='word_1_43' title='bbox 1667 691 1974 747; x_wconf 68' lang='lat' dir='ltr'><strong>Judteorum</strong></span> <span class='ocrx_word' id='word_1_44' title='bbox 2006 691 2149 760; x_wconf 91' lang='lat' dir='ltr'><strong>(ideo</strong></span> 
     </span>
    </p>
   </div>
   <div class='ocr_carea' id='block_1_8' title="bbox 552 762 2149 835">
    <p class='ocr_par' dir='ltr' id='par_1_8' title="bbox 552 762 2149 835">
     <span class='ocr_line' id='line_1_8' title="bbox 552 762 2149 835; baseline -0.003 -14"><span class='ocrx_word' id='word_1_45' title='bbox 552 764 787 831; x_wconf 86' lang='lat' dir='ltr'><strong>medius,</strong></span> <span class='ocrx_word' id='word_1_46' title='bbox 818 767 939 835; x_wconf 87' lang='lat' dir='ltr'><strong>quia</strong></span> <span class='ocrx_word' id='word_1_47' title='bbox 967 779 1064 819; x_wconf 90' lang='lat' dir='ltr'><strong>nec</strong></span> <span class='ocrx_word' id='word_1_48' title='bbox 1092 762 1788 835; x_wconf 16' lang='lat' dir='ltr'><strong>priniatumApositolorum</strong></span> <span class='ocrx_word' id='word_1_49' title='bbox 1819 762 2022 827; x_wconf 90' lang='lat' dir='ltr'><strong>tenuit,</strong></span> <span class='ocrx_word' id='word_1_50' title='bbox 2051 777 2149 835; x_wconf 83' lang='lat' dir='ltr'><strong>nec</strong></span> 
     </span>
    </p>
   </div>
   <div class='ocr_carea' id='block_1_9' title="bbox 552 832 2144 906">
    <p class='ocr_par' dir='ltr' id='par_1_9' title="bbox 552 832 2144 906">
     <span class='ocr_line' id='line_1_9' title="bbox 552 832 2144 906; baseline -0.004 -15"><span class='ocrx_word' id='word_1_51' title='bbox 552 836 776 892; x_wconf 88' lang='lat' dir='ltr'><strong>ultimus</strong></span> <span class='ocrx_word' id='word_1_52' title='bbox 805 832 858 890; x_wconf 82' lang='lat' dir='ltr'><strong>in</strong></span> <span class='ocrx_word' id='word_1_53' title='bbox 885 832 1133 906; x_wconf 76' lang='lat' dir='ltr'><strong>gentibus</strong></span> <span class='ocrx_word' id='word_1_54' title='bbox 1158 833 1444 906; x_wconf 76' lang='lat' dir='ltr'><strong>credidit),</strong></span> <span class='ocrx_word' id='word_1_55' title='bbox 1469 833 1606 906; x_wconf 22' lang='lat' dir='ltr'><strong>Avidit</strong></span> <span class='ocrx_word' id='word_1_56' title='bbox 1631 832 1923 906; x_wconf 85' lang='lat' dir='ltr'><strong>nuditatem</strong></span> <span class='ocrx_word' id='word_1_57' title='bbox 1959 833 2144 906; x_wconf 81' lang='lat' dir='ltr'><strong>patris,</strong></span> 
     </span>
    </p>
   </div>
   <div class='ocr_carea' id='block_1_10' title="bbox 555 903 2148 978">
    <p class='ocr_par' dir='ltr' id='par_1_10' title="bbox 555 903 2148 978">
     <span class='ocr_line' id='line_1_10' title="bbox 555 903 2148 978; baseline -0.002 -18"><span class='ocrx_word' id='word_1_58' title='bbox 555 910 680 978; x_wconf 85' lang='lat' dir='ltr'><strong>quia</strong></span> <span class='ocrx_word' id='word_1_59' title='bbox 706 903 978 978; x_wconf 74' lang='lat' dir='ltr'><strong>consensit</strong></span> <span class='ocrx_word' id='word_1_60' title='bbox 1000 906 1052 959; x_wconf 93' lang='lat' dir='ltr'><strong>in</strong></span> <span class='ocrx_word' id='word_1_61' title='bbox 1079 919 1263 978; x_wconf 86' lang='lat' dir='ltr'><strong>necem</strong></span> <span class='ocrx_word' id='word_1_62' title='bbox 1285 903 1502 978; x_wconf 76' lang='lat' dir='ltr'><strong>Christi.</strong></span> <span class='ocrx_word' id='word_1_63' title='bbox 1528 905 1595 959; x_wconf 83' lang='lat' dir='ltr'><strong>Et</strong></span> <span class='ocrx_word' id='word_1_64' title='bbox 1615 905 1876 958; x_wconf 88' lang='lat' dir='ltr'><strong>nuntiavit</strong></span> <span class='ocrx_word' id='word_1_65' title='bbox 1897 903 2148 978; x_wconf 79' lang='lat' dir='ltr'><strong>fratribus</strong></span> 
     </span>
    </p>
   </div>
   <div class='ocr_carea' id='block_1_11' title="bbox 554 973 2147 1046">
    <p class='ocr_par' dir='ltr' id='par_1_11' title="bbox 554 973 2147 1046">
     <span class='ocr_line' id='line_1_11' title="bbox 554 973 2147 1046; baseline -0.004 -13"><span class='ocrx_word' id='word_1_66' title='bbox 554 973 689 1033; x_wconf 55' lang='lat' dir='ltr'><strong>s&#39;uis.</strong></span> <span class='ocrx_word' id='word_1_67' title='bbox 733 976 838 1032; x_wconf 91' lang='lat' dir='ltr'><strong>Per</strong></span> <span class='ocrx_word' id='word_1_68' title='bbox 874 991 993 1030; x_wconf 93' lang='lat' dir='ltr'><strong>eum</strong></span> <span class='ocrx_word' id='word_1_69' title='bbox 1034 975 1227 1046; x_wconf 90' lang='lat' dir='ltr'><strong>quippe</strong></span> <span class='ocrx_word' id='word_1_70' title='bbox 1267 973 1665 1030; x_wconf 78' lang='lat' dir='ltr'><strong>manifestatum</strong></span> <span class='ocrx_word' id='word_1_71' title='bbox 1701 985 1783 1030; x_wconf 92' lang='lat' dir='ltr'><strong>est</strong></span> <span class='ocrx_word' id='word_1_72' title='bbox 1826 985 1880 1029; x_wconf 90' lang='lat' dir='ltr'><strong>et</strong></span> <span class='ocrx_word' id='word_1_73' title='bbox 1918 974 2147 1044; x_wconf 88' lang='lat' dir='ltr'><strong>quodam</strong></span> 
     </span>
    </p>
   </div>
   <div class='ocr_carea' id='block_1_12' title="bbox 552 1046 2143 1116">
    <p class='ocr_par' dir='ltr' id='par_1_12' title="bbox 552 1046 2143 1116">
     <span class='ocr_line' id='line_1_12' title="bbox 552 1046 2143 1116; baseline -0.004 -13"><span class='ocrx_word' id='word_1_74' title='bbox 552 1047 719 1116; x_wconf 84' lang='lat' dir='ltr'><strong>modo</strong></span> <span class='ocrx_word' id='word_1_75' title='bbox 765 1047 1121 1115; x_wconf 90' lang='lat' dir='ltr'><strong>publicatum,</strong></span> <span class='ocrx_word' id='word_1_76' title='bbox 1167 1046 1309 1115; x_wconf 90' lang='lat' dir='ltr'><strong>quod</strong></span> <span class='ocrx_word' id='word_1_77' title='bbox 1359 1055 1475 1100; x_wconf 89' lang='lat' dir='ltr'><strong>erat</strong></span> <span class='ocrx_word' id='word_1_78' title='bbox 1519 1047 1814 1116; x_wconf 69' lang='lat' dir='ltr'><strong>prOphetire</strong></span> <span class='ocrx_word' id='word_1_79' title='bbox 1842 1055 2143 1116; x_wconf 86' lang='lat' dir='ltr'><strong>secretum.</strong></span> 
     </span>
    </p>
   </div>
   <div class='ocr_carea' id='block_1_13' title="bbox 551 1115 2147 1186">
    <p class='ocr_par' dir='ltr' id='par_1_13' title="bbox 551 1115 2147 1186">
     <span class='ocr_line' id='line_1_13' title="bbox 551 1115 2147 1186; baseline -0.003 -13"><span class='ocrx_word' id='word_1_80' title='bbox 551 1115 788 1186; x_wconf 82' lang='lat' dir='ltr'><strong>Ideoque</strong></span> <span class='ocrx_word' id='word_1_81' title='bbox 831 1118 891 1169; x_wconf 84' lang='lat' dir='ltr'><strong>fit</strong></span> <span class='ocrx_word' id='word_1_82' title='bbox 935 1116 1156 1170; x_wconf 84' lang='lat' dir='ltr'><strong>fratrum</strong></span> <span class='ocrx_word' id='word_1_83' title='bbox 1205 1131 1422 1171; x_wconf 90' lang='lat' dir='ltr'><strong>suorum</strong></span> <span class='ocrx_word' id='word_1_84' title='bbox 1471 1115 1674 1171; x_wconf 85' lang='lat' dir='ltr'><strong>servus.</strong></span> <span class='ocrx_word' id='word_1_85' title='bbox 1718 1115 1854 1186; x_wconf 92' lang='lat' dir='ltr'><strong>Quid</strong></span> <span class='ocrx_word' id='word_1_86' title='bbox 1894 1124 1975 1171; x_wconf 91' lang='lat' dir='ltr'><strong>est</strong></span> <span class='ocrx_word' id='word_1_87' title='bbox 2003 1116 2147 1171; x_wconf 92' lang='lat' dir='ltr'><strong>enim</strong></span> 
     </span>
    </p>
   </div>
   <div class='ocr_carea' id='block_1_14' title="bbox 551 1185 2142 1256">
    <p class='ocr_par' dir='ltr' id='par_1_14' title="bbox 551 1185 2142 1256">
     <span class='ocr_line' id='line_1_14' title="bbox 551 1185 2142 1256; baseline -0.003 -14"><span class='ocrx_word' id='word_1_88' title='bbox 551 1185 883 1242; x_wconf 44' lang='lat' dir='ltr'><strong>aliud&#39;hodie</strong></span> <span class='ocrx_word' id='word_1_89' title='bbox 919 1201 1051 1256; x_wconf 86' lang='lat' dir='ltr'><strong>gens</strong></span> <span class='ocrx_word' id='word_1_90' title='bbox 1080 1187 1192 1254; x_wconf 90' lang='lat' dir='ltr'><strong>ipsa</strong></span> <span class='ocrx_word' id='word_1_91' title='bbox 1213 1229 1227 1252; x_wconf 95' lang='lat'><strong>,</strong></span> <span class='ocrx_word' id='word_1_92' title='bbox 1261 1187 1362 1241; x_wconf 91' lang='lat' dir='ltr'><strong>nisi</strong></span> <span class='ocrx_word' id='word_1_93' title='bbox 1397 1188 1672 1242; x_wconf 86' lang='lat' dir='ltr'><strong>scriniaria</strong></span> <span class='ocrx_word' id='word_1_94' title='bbox 1699 1185 2142 1249; x_wconf 89' lang='lat' dir='ltr'><strong>Christianorum,</strong></span> 
     </span>
    </p>
   </div>
   <div class='ocr_carea' id='block_1_15' title="bbox 549 1255 2146 1328">
    <p class='ocr_par' dir='ltr' id='par_1_15' title="bbox 549 1255 2146 1328">
     <span class='ocr_line' id='line_1_15' title="bbox 549 1255 2146 1328; baseline -0.001 -15"><span class='ocrx_word' id='word_1_95' title='bbox 549 1267 774 1328; x_wconf 87' lang='lat' dir='ltr'><strong>portans</strong></span> <span class='ocrx_word' id='word_1_96' title='bbox 816 1255 1014 1326; x_wconf 81' lang='lat' dir='ltr'><strong>Legem</strong></span> <span class='ocrx_word' id='word_1_97' title='bbox 1054 1265 1109 1311; x_wconf 87' lang='lat' dir='ltr'><strong>et</strong></span> <span class='ocrx_word' id='word_1_98' title='bbox 1149 1255 1444 1328; x_wconf 88' lang='lat' dir='ltr'><strong>Prophetas</strong></span> <span class='ocrx_word' id='word_1_99' title='bbox 1481 1257 1548 1312; x_wconf 89' lang='lat' dir='ltr'><strong>ad</strong></span> <span class='ocrx_word' id='word_1_100' title='bbox 1581 1257 1942 1312; x_wconf 90' lang='lat' dir='ltr'><strong>testimonium</strong></span> <span class='ocrx_word' id='word_1_101' title='bbox 1973 1271 2146 1312; x_wconf 90' lang='lat' dir='ltr'><strong>asser-</strong></span> 
     </span>
    </p>
   </div>
   <div class='ocr_carea' id='block_1_16' title="bbox 549 1328 2141 1398">
    <p class='ocr_par' dir='ltr' id='par_1_16' title="bbox 549 1328 2141 1398">
     <span class='ocr_line' id='line_1_16' title="bbox 549 1328 2141 1398; baseline -0.001 -16"><span class='ocrx_word' id='word_1_102' title='bbox 549 1329 714 1382; x_wconf 86' lang='lat' dir='ltr'><strong>tionis</strong></span> <span class='ocrx_word' id='word_1_103' title='bbox 741 1328 1016 1394; x_wconf 85' lang='lat' dir='ltr'><strong>Ecclesiae,</strong></span> <span class='ocrx_word' id='word_1_104' title='bbox 1047 1335 1105 1382; x_wconf 90' lang='lat' dir='ltr'><strong>ut</strong></span> <span class='ocrx_word' id='word_1_105' title='bbox 1132 1343 1232 1383; x_wconf 89' lang='lat' dir='ltr'><strong>nos</strong></span> <span class='ocrx_word' id='word_1_106' title='bbox 1258 1328 1583 1383; x_wconf 91' lang='lat' dir='ltr'><strong>honoremus</strong></span> <span class='ocrx_word' id='word_1_107' title='bbox 1610 1343 1705 1398; x_wconf 83' lang='lat' dir='ltr'><strong>per</strong></span> <span class='ocrx_word' id='word_1_108' title='bbox 1729 1337 2141 1394; x_wconf 86' lang='lat' dir='ltr'><strong>sacramentum,</strong></span> 
     </span>
    </p>
   </div>
   <div class='ocr_carea' id='block_1_17' title="bbox 549 1398 1486 1470">
    <p class='ocr_par' dir='ltr' id='par_1_17' title="bbox 549 1398 1486 1470">
     <span class='ocr_line' id='line_1_17' title="bbox 549 1398 1486 1470; baseline -0.002 -17"><span class='ocrx_word' id='word_1_109' title='bbox 549 1399 695 1470; x_wconf 86' lang='lat' dir='ltr'><strong>quod</strong></span> <span class='ocrx_word' id='word_1_110' title='bbox 720 1399 1068 1470; x_wconf 73' lang='lat' dir='ltr'><strong>nuntiantle</strong></span> <span class='ocrx_word' id='word_1_111' title='bbox 1098 1398 1486 1470; x_wconf 15' lang='lat' dir='ltr'><strong>perilitteram?</strong></span> 
     </span>
    </p>
   </div>
   <div class='ocr_carea' id='block_1_18' title="bbox 624 1466 2146 1539">
    <p class='ocr_par' dir='ltr' id='par_1_18' title="bbox 624 1466 2146 1539">
     <span class='ocr_line' id='line_1_18' title="bbox 624 1466 2146 1539; baseline 0 -15"><span class='ocrx_word' id='word_1_112' title='bbox 624 1470 840 1538; x_wconf 69' lang='lat' dir='ltr'><strong>Quassr:</strong></span> <span class='ocrx_word' id='word_1_113' title='bbox 870 1466 1028 1539; x_wconf 64' lang='lat' dir='ltr'><strong>Ljill.</strong></span> <span class='ocrx_word' id='word_1_114' title='bbox 1055 1466 1212 1539; x_wconf 82' lang='lat' dir='ltr'><strong>Quid</strong></span> <span class='ocrx_word' id='word_1_115' title='bbox 1259 1468 1519 1538; x_wconf 84' lang='lat' dir='ltr'><strong>significat</strong></span> <span class='ocrx_word' id='word_1_116' title='bbox 1557 1469 1697 1539; x_wconf 90' lang='lat' dir='ltr'><strong>quod</strong></span> <span class='ocrx_word' id='word_1_117' title='bbox 1737 1467 1870 1523; x_wconf 82' lang='lat' dir='ltr'><strong>dixit</strong></span> <span class='ocrx_word' id='word_1_118' title='bbox 1908 1469 2051 1524; x_wconf 89' lang='lat' dir='ltr'><strong>Deus</strong></span> <span class='ocrx_word' id='word_1_119' title='bbox 2079 1470 2146 1524; x_wconf 89' lang='lat' dir='ltr'><strong>ad</strong></span> 
     </span>
    </p>
   </div>
   <div class='ocr_carea' id='block_1_19' title="bbox 549 1538 2142 1611">
    <p class='ocr_par' dir='ltr' id='par_1_19' title="bbox 549 1538 2142 1611">
     <span class='ocr_line' id='line_1_19' title="bbox 549 1538 2142 1611; baseline 0 -17"><span class='ocrx_word' id='word_1_120' title='bbox 549 1539 820 1595; x_wconf 78' lang='lat' dir='ltr'><strong>Abraham</strong></span> <span class='ocrx_word' id='word_1_121' title='bbox 839 1581 854 1605; x_wconf 91' lang='lat'><strong>,</strong></span> <span class='ocrx_word' id='word_1_122' title='bbox 888 1538 1145 1611; x_wconf 83' lang='lat' dir='ltr'><strong>Egredere</strong></span> <span class='ocrx_word' id='word_1_123' title='bbox 1173 1539 1390 1611; x_wconf 80' lang='lat' dir='ltr'><strong>de_terra</strong></span> <span class='ocrx_word' id='word_1_124' title='bbox 1415 1548 1521 1604; x_wconf 87' lang='lat' dir='ltr'><strong>tua,</strong></span> <span class='ocrx_word' id='word_1_125' title='bbox 1555 1547 1600 1611; x_wconf 78' lang='lat' dir='ltr'><strong>et</strong></span> <span class='ocrx_word' id='word_1_126' title='bbox 1627 1540 1689 1594; x_wconf 87' lang='lat' dir='ltr'><strong>de</strong></span> <span class='ocrx_word' id='word_1_127' title='bbox 1715 1540 2012 1611; x_wconf 80' lang='lat' dir='ltr'><strong>cognatione</strong></span> <span class='ocrx_word' id='word_1_128' title='bbox 2036 1549 2142 1605; x_wconf 84' lang='lat' dir='ltr'><strong>tua,</strong></span> 
     </span>
    </p>
   </div>
   <div class='ocr_carea' id='block_1_20' title="bbox 551 1606 1579 1680">
    <p class='ocr_par' dir='ltr' id='par_1_20' title="bbox 551 1606 1579 1680">
     <span class='ocr_line' id='line_1_20' title="bbox 551 1606 1579 1680; baseline -0.002 -16"><span class='ocrx_word' id='word_1_129' title='bbox 551 1618 602 1664; x_wconf 86' lang='lat' dir='ltr'><strong>et</strong></span> <span class='ocrx_word' id='word_1_130' title='bbox 631 1611 694 1664; x_wconf 87' lang='lat' dir='ltr'><strong>de</strong></span> <span class='ocrx_word' id='word_1_131' title='bbox 720 1611 870 1664; x_wconf 90' lang='lat' dir='ltr'><strong>domo</strong></span> <span class='ocrx_word' id='word_1_132' title='bbox 898 1606 1060 1680; x_wconf 74' lang='lat' dir='ltr'><strong>patris</strong></span> <span class='ocrx_word' id='word_1_133' title='bbox 1085 1613 1158 1664; x_wconf 82' lang='lat' dir='ltr'><strong>tui</strong></span> <span class='ocrx_word' id='word_1_134' title='bbox 1185 1606 1342 1678; x_wconf 84' lang='lat' dir='ltr'><strong>(Gen.</strong></span> <span class='ocrx_word' id='word_1_135' title='bbox 1368 1609 1579 1680; x_wconf 69' lang='lat'><strong>111,1)?</strong></span> 
     </span>
    </p>
   </div>
   <div class='ocr_carea' id='block_1_21' title="bbox 627 1679 2146 1750">
    <p class='ocr_par' dir='ltr' id='par_1_21' title="bbox 627 1679 2146 1750">
     <span class='ocr_line' id='line_1_21' title="bbox 627 1679 2146 1750; baseline 0.001 -15"><span class='ocrx_word' id='word_1_136' title='bbox 627 1681 789 1736; x_wconf 75' lang='lat' dir='ltr'><strong>Resr.</strong></span> <span class='ocrx_word' id='word_1_137' title='bbox 829 1679 1096 1735; x_wconf 89' lang='lat' dir='ltr'><strong>Abraham</strong></span> <span class='ocrx_word' id='word_1_138' title='bbox 1141 1694 1422 1749; x_wconf 90' lang='lat' dir='ltr'><strong>personam</strong></span> <span class='ocrx_word' id='word_1_139' title='bbox 1467 1679 1661 1735; x_wconf 90' lang='lat' dir='ltr'><strong>Christi</strong></span> <span class='ocrx_word' id='word_1_140' title='bbox 1704 1682 1966 1750; x_wconf 88' lang='lat' dir='ltr'><strong>portabat.</strong></span> <span class='ocrx_word' id='word_1_141' title='bbox 1997 1680 2146 1736; x_wconf 88' lang='lat' dir='ltr'><strong>Sicut</strong></span> 
     </span>
    </p>
   </div>
   <div class='ocr_carea' id='block_1_22' title="bbox 551 1751 2140 1820">
    <p class='ocr_par' dir='ltr' id='par_1_22' title="bbox 551 1751 2140 1820">
     <span class='ocr_line' id='line_1_22' title="bbox 551 1751 2140 1820; baseline 0 -14"><span class='ocrx_word' id='word_1_142' title='bbox 551 1751 697 1807; x_wconf 88' lang='lat' dir='ltr'><strong>enim</strong></span> <span class='ocrx_word' id='word_1_143' title='bbox 725 1751 992 1806; x_wconf 84' lang='lat' dir='ltr'><strong>Abraham</strong></span> <span class='ocrx_word' id='word_1_144' title='bbox 1022 1759 1222 1806; x_wconf 88' lang='lat' dir='ltr'><strong>terram</strong></span> <span class='ocrx_word' id='word_1_145' title='bbox 1261 1762 1316 1805; x_wconf 89' lang='lat' dir='ltr'><strong>et</strong></span> <span class='ocrx_word' id='word_1_146' title='bbox 1349 1751 1716 1820; x_wconf 81' lang='lat' dir='ltr'><strong>cognationem</strong></span> <span class='ocrx_word' id='word_1_147' title='bbox 1744 1767 1893 1806; x_wconf 89' lang='lat' dir='ltr'><strong>suam</strong></span> <span class='ocrx_word' id='word_1_148' title='bbox 1921 1751 2140 1819; x_wconf 91' lang='lat' dir='ltr'><strong>dimisit,</strong></span> 
     </span>
    </p>
   </div>
   <div class='ocr_carea' id='block_1_23' title="bbox 550 1821 2144 1946">
    <p class='ocr_par' dir='ltr' id='par_1_23' title="bbox 550 1821 2144 1946">
     <span class='ocr_line' id='line_1_23' title="bbox 550 1821 2144 1891; baseline -0.002 -13"><span class='ocrx_word' id='word_1_149' title='bbox 550 1830 608 1878; x_wconf 82' lang='lat' dir='ltr'><strong>et</strong></span> <span class='ocrx_word' id='word_1_150' title='bbox 636 1822 852 1877; x_wconf 92' lang='lat' dir='ltr'><strong>domum</strong></span> <span class='ocrx_word' id='word_1_151' title='bbox 880 1821 1046 1890; x_wconf 88' lang='lat' dir='ltr'><strong>patris</strong></span> <span class='ocrx_word' id='word_1_152' title='bbox 1073 1822 1188 1887; x_wconf 92' lang='lat' dir='ltr'><strong>sui,</strong></span> <span class='ocrx_word' id='word_1_153' title='bbox 1221 1830 1274 1876; x_wconf 93' lang='lat' dir='ltr'><strong>et</strong></span> <span class='ocrx_word' id='word_1_154' title='bbox 1308 1822 1454 1876; x_wconf 82' lang='lat' dir='ltr'><strong>venit</strong></span> <span class='ocrx_word' id='word_1_155' title='bbox 1492 1821 1544 1874; x_wconf 91' lang='lat' dir='ltr'><strong>in</strong></span> <span class='ocrx_word' id='word_1_156' title='bbox 1579 1829 1776 1876; x_wconf 88' lang='lat' dir='ltr'><strong>terram</strong></span> <span class='ocrx_word' id='word_1_157' title='bbox 1803 1837 1961 1891; x_wconf 90' lang='lat' dir='ltr'><strong>quam</strong></span> <span class='ocrx_word' id='word_1_158' title='bbox 1989 1823 2004 1875; x_wconf 90' lang='lat' dir='ltr'><strong>i</strong></span> <span class='ocrx_word' id='word_1_159' title='bbox 2047 1839 2144 1876; x_wconf 82' lang='lat' dir='ltr'><strong>no-</strong></span> 
     </span>
     <span class='ocr_line' id='line_1_24' title="bbox 550 1837 2143 1946; baseline -0.001 0"><span class='ocrx_word' id='word_1_160' title='bbox 550 1892 705 1946; x_wconf 87' lang='lat' dir='ltr'><strong>rabat</strong></span> <span class='ocrx_word' id='word_1_161' title='bbox 733 1909 746 1944; x_wconf 91' lang='lat'><strong>:</strong></span> <span class='ocrx_word' id='word_1_162' title='bbox 777 1893 847 1946; x_wconf 90' lang='lat' dir='ltr'><strong>ita</strong></span> <span class='ocrx_word' id='word_1_163' title='bbox 877 1901 932 1946; x_wconf 94' lang='lat' dir='ltr'><strong>et</strong></span> <span class='ocrx_word' id='word_1_164' title='bbox 963 1889 1204 1946; x_wconf 89' lang='lat' dir='ltr'><strong>Christus</strong></span> <span class='ocrx_word' id='word_1_165' title='bbox 1239 1890 1440 1946; x_wconf 91' lang='lat' dir='ltr'><strong>dimisit</strong></span> <span class='ocrx_word' id='word_1_166' title='bbox 1476 1900 1685 1946; x_wconf 66' lang='lat' dir='ltr'><strong>gentem</strong></span> <span class='ocrx_word' id='word_1_167' title='bbox 1717 1907 1865 1946; x_wconf 88' lang='lat' dir='ltr'><strong>suam</strong></span> <span class='ocrx_word' id='word_1_168' title='bbox 1887 1933 1902 1946; x_wconf 88' lang='lat'><strong>.</strong></span> <span class='ocrx_word' id='word_1_169' title='bbox 1940 1837 2143 1946; x_wconf 53' lang='lat' dir='ltr'><strong>scﬁicet</strong></span> 
     </span>
    </p>
   </div>
   <div class='ocr_carea' id='block_1_24' title="bbox 546 1889 2143 1962">
    <p class='ocr_par' dir='ltr' id='par_1_24' title="bbox 546 1889 2143 1962">
     <span class='ocr_line' id='line_1_25' title="bbox 546 1889 2143 1962; baseline 0 -17"><span class='ocrx_word' id='word_1_170' title='bbox 546 1892 705 1962; x_wconf 63' lang='lat' dir='ltr'><strong>rabat</strong></span> <span class='ocrx_word' id='word_1_171' title='bbox 733 1909 746 1944; x_wconf 91' lang='lat'><strong>:</strong></span> <span class='ocrx_word' id='word_1_172' title='bbox 777 1893 847 1947; x_wconf 90' lang='lat' dir='ltr'><strong>ita</strong></span> <span class='ocrx_word' id='word_1_173' title='bbox 877 1889 932 1947; x_wconf 89' lang='lat' dir='ltr'><strong>et</strong></span> <span class='ocrx_word' id='word_1_174' title='bbox 963 1889 1204 1946; x_wconf 91' lang='lat' dir='ltr'><strong>Christus</strong></span> <span class='ocrx_word' id='word_1_175' title='bbox 1237 1890 1440 1962; x_wconf 89' lang='lat' dir='ltr'><strong>dimisit</strong></span> <span class='ocrx_word' id='word_1_176' title='bbox 1476 1900 1685 1962; x_wconf 81' lang='lat' dir='ltr'><strong>gentem</strong></span> <span class='ocrx_word' id='word_1_177' title='bbox 1717 1889 1865 1946; x_wconf 75' lang='lat' dir='ltr'><strong>suain</strong></span> <span class='ocrx_word' id='word_1_178' title='bbox 1887 1933 1902 1954; x_wconf 92' lang='lat'><strong>,</strong></span> <span class='ocrx_word' id='word_1_179' title='bbox 1940 1889 2143 1948; x_wconf 90' lang='lat' dir='ltr'><strong>scilicet</strong></span> 
     </span>
    </p>
   </div>
   <div class='ocr_carea' id='block_1_25' title="bbox 550 1960 2144 2031">
    <p class='ocr_par' dir='ltr' id='par_1_25' title="bbox 550 1960 2144 2031">
     <span class='ocr_line' id='line_1_26' title="bbox 550 1960 2144 2031; baseline -0.001 -13"><span class='ocrx_word' id='word_1_180' title='bbox 550 1960 893 2030; x_wconf 69' lang='lat' dir='ltr'><strong>Iudaeorum,</strong></span> <span class='ocrx_word' id='word_1_181' title='bbox 925 1970 980 2016; x_wconf 88' lang='lat' dir='ltr'><strong>ct</strong></span> <span class='ocrx_word' id='word_1_182' title='bbox 1007 1962 1152 2017; x_wconf 86' lang='lat' dir='ltr'><strong>venit</strong></span> <span class='ocrx_word' id='word_1_183' title='bbox 1185 1960 1251 2015; x_wconf 91' lang='lat' dir='ltr'><strong>ad</strong></span> <span class='ocrx_word' id='word_1_184' title='bbox 1283 1960 1534 2031; x_wconf 85' lang='lat' dir='ltr'><strong>populum</strong></span> <span class='ocrx_word' id='word_1_185' title='bbox 1570 1963 1839 2017; x_wconf 82' lang='lat' dir='ltr'><strong>Gentium.</strong></span> <span class='ocrx_word' id='word_1_186' title='bbox 1873 1963 1969 2016; x_wconf 90' lang='lat' dir='ltr'><strong>llic</strong></span> <span class='ocrx_word' id='word_1_187' title='bbox 2011 1971 2144 2017; x_wconf 84' lang='lat' dir='ltr'><strong>tem-</strong></span> 
     </span>
    </p>
   </div>
   <div class='ocr_carea' id='block_1_26' title="bbox 548 2031 2142 2158">
    <p class='ocr_par' dir='ltr' id='par_1_26' title="bbox 548 2031 2142 2158">
     <span class='ocr_line' id='line_1_27' title="bbox 548 2031 2142 2158; baseline 0 -71"><span class='ocrx_word' id='word_1_188' title='bbox 548 2033 757 2158; x_wconf 55' lang='lat' dir='ltr'><strong>soralis</strong></span> <span class='ocrx_word' id='word_1_189' title='bbox 777 2033 1078 2102; x_wconf 81' lang='lat' dir='ltr'><strong>explanatio</strong></span> <span class='ocrx_word' id='word_1_190' title='bbox 1101 2032 1203 2086; x_wconf 94' lang='lat' dir='ltr'><strong>hoc</strong></span> <span class='ocrx_word' id='word_1_191' title='bbox 1222 2031 1384 2087; x_wconf 89' lang='lat' dir='ltr'><strong>habet</strong></span> <span class='ocrx_word' id='word_1_192' title='bbox 1407 2051 1419 2085; x_wconf 90' lang='lat'><strong>:</strong></span> <span class='ocrx_word' id='word_1_193' title='bbox 1445 2032 1715 2087; x_wconf 89' lang='lat' dir='ltr'><strong>moraliter</strong></span> <span class='ocrx_word' id='word_1_194' title='bbox 1738 2040 1914 2087; x_wconf 90' lang='lat' dir='ltr'><strong>autem</strong></span> <span class='ocrx_word' id='word_1_195' title='bbox 1937 2033 2142 2088; x_wconf 82' lang='lat' dir='ltr'><strong>eximus</strong></span> 
     </span>
     <span class='ocr_line' id='line_1_28' title="bbox 593 2102 2142 2158; baseline -0.001 0"><span class='ocrx_word' id='word_1_196' title='bbox 593 2119 623 2158; x_wconf 91' lang='lat' dir='ltr'><strong>e</strong></span> <span class='ocrx_word' id='word_1_197' title='bbox 649 2111 788 2158; x_wconf 91' lang='lat' dir='ltr'><strong>terra</strong></span> <span class='ocrx_word' id='word_1_198' title='bbox 818 2112 1000 2158; x_wconf 92' lang='lat' dir='ltr'><strong>nostra</strong></span> <span class='ocrx_word' id='word_1_199' title='bbox 1022 2103 1062 2158; x_wconf 75' lang='grc' dir='ltr'><strong>ί.</strong></span> <span class='ocrx_word' id='word_1_200' title='bbox 1104 2102 1315 2158; x_wconf 77' lang='lat' dir='ltr'><strong>quando</strong></span> <span class='ocrx_word' id='word_1_201' title='bbox 1357 2102 1564 2158; x_wconf 83' lang='lat' dir='ltr'><strong>divitias</strong></span> <span class='ocrx_word' id='word_1_202' title='bbox 1594 2111 1648 2158; x_wconf 91' lang='lat' dir='ltr'><strong>et</strong></span> <span class='ocrx_word' id='word_1_203' title='bbox 1672 2103 1853 2158; x_wconf 91' lang='lat' dir='ltr'><strong>mundi</strong></span> <span class='ocrx_word' id='word_1_204' title='bbox 1882 2103 2038 2158; x_wconf 88' lang='lat' dir='ltr'><strong>huius</strong></span> <span class='ocrx_word' id='word_1_205' title='bbox 2065 2103 2142 2157; x_wconf 87' lang='lat' dir='ltr'><strong>fa-</strong></span> 
     </span>
    </p>
   </div>
   <div class='ocr_carea' id='block_1_27' title="bbox 593 2102 2142 2172">
    <p class='ocr_par' dir='ltr' id='par_1_27' title="bbox 593 2102 2142 2172">
     <span class='ocr_line' id='line_1_29' title="bbox 593 2102 2142 2172; baseline -0.001 -14"><span class='ocrx_word' id='word_1_206' title='bbox 593 2119 623 2158; x_wconf 90' lang='lat' dir='ltr'><strong>e</strong></span> <span class='ocrx_word' id='word_1_207' title='bbox 649 2111 788 2159; x_wconf 89' lang='lat' dir='ltr'><strong>terra</strong></span> <span class='ocrx_word' id='word_1_208' title='bbox 818 2112 1000 2158; x_wconf 91' lang='lat' dir='ltr'><strong>nostra</strong></span> <span class='ocrx_word' id='word_1_209' title='bbox 1022 2103 1062 2170; x_wconf 74' lang='grc' dir='ltr'><strong>ί,</strong></span> <span class='ocrx_word' id='word_1_210' title='bbox 1104 2102 1315 2172; x_wconf 89' lang='lat' dir='ltr'><strong>quando</strong></span> <span class='ocrx_word' id='word_1_211' title='bbox 1357 2102 1564 2158; x_wconf 88' lang='lat' dir='ltr'><strong>divitias</strong></span> <span class='ocrx_word' id='word_1_212' title='bbox 1594 2111 1648 2158; x_wconf 91' lang='lat' dir='ltr'><strong>et</strong></span> <span class='ocrx_word' id='word_1_213' title='bbox 1672 2103 1853 2158; x_wconf 92' lang='lat' dir='ltr'><strong>mundi</strong></span> <span class='ocrx_word' id='word_1_214' title='bbox 1882 2103 2038 2172; x_wconf 89' lang='lat' dir='ltr'><strong>hujus</strong></span> <span class='ocrx_word' id='word_1_215' title='bbox 2065 2103 2142 2157; x_wconf 87' lang='lat' dir='ltr'><strong>fa—</strong></span> 
     </span>
    </p>
   </div>
   <div class='ocr_carea' id='block_1_28' title="bbox 548 2172 2141 2245">
    <p class='ocr_par' dir='ltr' id='par_1_28' title="bbox 548 2172 2141 2245">
     <span class='ocr_line' id='line_1_30' title="bbox 548 2172 2141 2245; baseline 0 -16"><span class='ocrx_word' id='word_1_216' title='bbox 548 2174 780 2245; x_wconf 82' lang='lat' dir='ltr'><strong>cultates</strong></span> <span class='ocrx_word' id='word_1_217' title='bbox 821 2173 1250 2245; x_wconf 84' lang='lat' dir='ltr'><strong>contemnimus;</strong></span> <span class='ocrx_word' id='word_1_218' title='bbox 1283 2181 1337 2228; x_wconf 90' lang='lat' dir='ltr'><strong>et</strong></span> <span class='ocrx_word' id='word_1_219' title='bbox 1372 2172 1440 2228; x_wconf 91' lang='lat' dir='ltr'><strong>de</strong></span> <span class='ocrx_word' id='word_1_220' title='bbox 1477 2173 1792 2245; x_wconf 75' lang='lat' dir='ltr'><strong>cognatione</strong></span> <span class='ocrx_word' id='word_1_221' title='bbox 1834 2182 2046 2241; x_wconf 87' lang='lat' dir='ltr'><strong>nostra,</strong></span> <span class='ocrx_word' id='word_1_222' title='bbox 2089 2173 2141 2229; x_wconf 91' lang='lat' dir='ltr'><strong>id</strong></span> 
     </span>
    </p>
   </div>
   <div class='ocr_carea' id='block_1_29' title="bbox 547 2243 2141 2314">
    <p class='ocr_par' dir='ltr' id='par_1_29' title="bbox 547 2243 2141 2314">
     <span class='ocr_line' id='line_1_31' title="bbox 547 2243 2141 2314; baseline -0.001 -14"><span class='ocrx_word' id='word_1_223' title='bbox 547 2251 656 2311; x_wconf 86' lang='lat' dir='ltr'><strong>est,</strong></span> <span class='ocrx_word' id='word_1_224' title='bbox 684 2243 752 2299; x_wconf 91' lang='lat' dir='ltr'><strong>de</strong></span> <span class='ocrx_word' id='word_1_225' title='bbox 777 2244 922 2299; x_wconf 89' lang='lat' dir='ltr'><strong>vitiis</strong></span> <span class='ocrx_word' id='word_1_226' title='bbox 949 2244 1214 2314; x_wconf 85' lang='lat' dir='ltr'><strong>prioribus</strong></span> <span class='ocrx_word' id='word_1_227' title='bbox 1233 2284 1248 2309; x_wconf 94' lang='lat'><strong>,</strong></span> <span class='ocrx_word' id='word_1_228' title='bbox 1275 2258 1393 2313; x_wconf 66' lang='lat' dir='ltr'><strong>qua:</strong></span> <span class='ocrx_word' id='word_1_229' title='bbox 1422 2243 1576 2300; x_wconf 83' lang='lat' dir='ltr'><strong>nobis</strong></span> <span class='ocrx_word' id='word_1_230' title='bbox 1603 2258 1633 2296; x_wconf 91' lang='lat' dir='ltr'><strong>a</strong></span> <span class='ocrx_word' id='word_1_231' title='bbox 1664 2245 1935 2299; x_wconf 87' lang='lat' dir='ltr'><strong>nativitate</strong></span> <span class='ocrx_word' id='word_1_232' title='bbox 1962 2253 2141 2299; x_wconf 90' lang='lat' dir='ltr'><strong>nostra</strong></span> 
     </span>
    </p>
   </div>
   <div class='ocr_carea' id='block_1_30' title="bbox 548 2313 2143 2385">
    <p class='ocr_par' dir='ltr' id='par_1_30' title="bbox 548 2313 2143 2385">
     <span class='ocr_line' id='line_1_32' title="bbox 548 2313 2143 2385; baseline 0.001 -17"><span class='ocrx_word' id='word_1_233' title='bbox 548 2315 897 2381; x_wconf 70' lang='lat' dir='ltr'><strong>conten-entia,</strong></span> <span class='ocrx_word' id='word_1_234' title='bbox 921 2313 1066 2370; x_wconf 84' lang='lat' dir='ltr'><strong>velut</strong></span> <span class='ocrx_word' id='word_1_235' title='bbox 1084 2313 1342 2385; x_wconf 80' lang='lat' dir='ltr'><strong>affinitate</strong></span> <span class='ocrx_word' id='word_1_236' title='bbox 1361 2315 1588 2385; x_wconf 91' lang='lat' dir='ltr'><strong>quadam</strong></span> <span class='ocrx_word' id='word_1_237' title='bbox 1610 2322 1664 2369; x_wconf 91' lang='lat' dir='ltr'><strong>et</strong></span> <span class='ocrx_word' id='word_1_238' title='bbox 1682 2315 2143 2385; x_wconf 89' lang='lat' dir='ltr'><strong>consanguinitate</strong></span> 
     </span>
    </p>
   </div>
   <div class='ocr_carea' id='block_1_31' title="bbox 547 2383 2142 2456">
    <p class='ocr_par' dir='ltr' id='par_1_31' title="bbox 547 2383 2142 2456">
     <span class='ocr_line' id='line_1_33' title="bbox 547 2383 2142 2456; baseline 0.001 -17"><span class='ocrx_word' id='word_1_239' title='bbox 547 2385 833 2454; x_wconf 86' lang='lat' dir='ltr'><strong>conjuncta</strong></span> <span class='ocrx_word' id='word_1_240' title='bbox 875 2394 1031 2456; x_wconf 89' lang='lat' dir='ltr'><strong>sunt;</strong></span> <span class='ocrx_word' id='word_1_241' title='bbox 1060 2394 1114 2440; x_wconf 90' lang='lat' dir='ltr'><strong>et</strong></span> <span class='ocrx_word' id='word_1_242' title='bbox 1141 2384 1210 2456; x_wconf 79' lang='lat' dir='ltr'><strong>de</strong></span> <span class='ocrx_word' id='word_1_243' title='bbox 1233 2383 1397 2456; x_wconf 83' lang='lat' dir='ltr'><strong>domo</strong></span> <span class='ocrx_word' id='word_1_244' title='bbox 1424 2386 1590 2456; x_wconf 89' lang='lat' dir='ltr'><strong>patris</strong></span> <span class='ocrx_word' id='word_1_245' title='bbox 1615 2385 1819 2456; x_wconf 90' lang='lat' dir='ltr'><strong>nostri,</strong></span> <span class='ocrx_word' id='word_1_246' title='bbox 1851 2383 1904 2439; x_wconf 91' lang='lat' dir='ltr'><strong>id</strong></span> <span class='ocrx_word' id='word_1_247' title='bbox 1931 2393 2040 2448; x_wconf 91' lang='lat' dir='ltr'><strong>est,</strong></span> <span class='ocrx_word' id='word_1_248' title='bbox 2073 2385 2142 2441; x_wconf 93' lang='lat' dir='ltr'><strong>de</strong></span> 
     </span>
    </p>
   </div>
   <div class='ocr_carea' id='block_1_32' title="bbox 547 2453 2143 2581">
    <p class='ocr_par' dir='ltr' id='par_1_32' title="bbox 547 2453 2143 2581">
     <span class='ocr_line' id='line_1_34' title="bbox 547 2453 2143 2581; baseline 0.002 -73"><span class='ocrx_word' id='word_1_249' title='bbox 547 2455 990 2581; x_wconf 53' lang='lat' dir='ltr'><strong>orgminniemoria</strong></span> <span class='ocrx_word' id='word_1_250' title='bbox 1019 2454 1203 2510; x_wconf 90' lang='lat' dir='ltr'><strong>mundi</strong></span> <span class='ocrx_word' id='word_1_251' title='bbox 1232 2453 1390 2525; x_wconf 90' lang='lat' dir='ltr'><strong>hujus</strong></span> <span class='ocrx_word' id='word_1_252' title='bbox 1409 2453 1576 2525; x_wconf 58' lang='lat' dir='ltr'><strong>{qua}</strong></span> <span class='ocrx_word' id='word_1_253' title='bbox 1603 2455 1881 2511; x_wconf 91' lang='lat' dir='ltr'><strong>oculorum</strong></span> <span class='ocrx_word' id='word_1_254' title='bbox 1910 2457 2143 2511; x_wconf 87' lang='lat' dir='ltr'><strong>occurrit</strong></span> 
     </span>
     <span class='ocr_line' id='line_1_35' title="bbox 547 2534 842 2581; baseline -0.007 0"><span class='ocrx_word' id='word_1_255' title='bbox 547 2537 585 2580; x_wconf 87' lang='grc' dir='ltr'>ο</span> <span class='ocrx_word' id='word_1_256' title='bbox 624 2534 719 2581; x_wconf 83' lang='lat' dir='ltr'><strong>tut</strong></span> <span class='ocrx_word' id='word_1_257' title='bbox 762 2542 842 2580; x_wconf 90' lang='lat' dir='ltr'><strong>us.</strong></span> 
     </span>
    </p>
   </div>
   <div class='ocr_carea' id='block_1_33' title="bbox 546 2526 842 2581">
    <p class='ocr_par' dir='ltr' id='par_1_33' title="bbox 546 2526 842 2581">
     <span class='ocr_line' id='line_1_36' title="bbox 546 2526 842 2581; baseline -0.003 -1"><span class='ocrx_word' id='word_1_258' title='bbox 546 2526 842 2581; x_wconf 88' lang='lat' dir='ltr'><strong>obtutibus.</strong></span> 
     </span>
    </p>
   </div>
   <div class='ocr_carea' id='block_1_34' title="bbox 621 2595 1917 2667">
    <p class='ocr_par' dir='ltr' id='par_1_34' title="bbox 621 2595 1917 2667">
     <span class='ocr_line' id='line_1_37' title="bbox 621 2595 1917 2667; baseline 0 -16"><span class='ocrx_word' id='word_1_259' title='bbox 621 2596 842 2667; x_wconf 72' lang='lat' dir='ltr'><strong>Quass&#39;r.</strong></span> <span class='ocrx_word' id='word_1_260' title='bbox 865 2595 1050 2652; x_wconf 86' lang='lat' dir='ltr'><strong>LXlll.</strong></span> <span class='ocrx_word' id='word_1_261' title='bbox 1081 2596 1222 2664; x_wconf 86' lang='lat' dir='ltr'><strong>Quot</strong></span> <span class='ocrx_word' id='word_1_262' title='bbox 1246 2605 1370 2652; x_wconf 90' lang='lat' dir='ltr'><strong>sunt</strong></span> <span class='ocrx_word' id='word_1_263' title='bbox 1392 2612 1586 2667; x_wconf 89' lang='lat' dir='ltr'><strong>genera</strong></span> <span class='ocrx_word' id='word_1_264' title='bbox 1612 2597 1917 2652; x_wconf 85' lang='lat' dir='ltr'><strong>visionum?</strong></span> 
     </span>
    </p>
   </div>
   <div class='ocr_carea' id='block_1_35' title="bbox 619 2666 2137 2738">
    <p class='ocr_par' dir='ltr' id='par_1_35' title="bbox 619 2666 2137 2738">
     <span class='ocr_line' id='line_1_38' title="bbox 619 2666 2137 2738; baseline 0 -16"><span class='ocrx_word' id='word_1_265' title='bbox 619 2666 970 2738; x_wconf 59' lang='lat' dir='ltr'><strong>Besn&#39;l‘ria.</strong></span> <span class='ocrx_word' id='word_1_266' title='bbox 999 2667 1176 2722; x_wconf 91' lang='lat' dir='ltr'><strong>Prima</strong></span> <span class='ocrx_word' id='word_1_267' title='bbox 1207 2667 1342 2724; x_wconf 90' lang='lat' dir='ltr'><strong>visio</strong></span> <span class='ocrx_word' id='word_1_268' title='bbox 1384 2666 1466 2724; x_wconf 81' lang='lat' dir='ltr'><strong>est</strong></span> <span class='ocrx_word' id='word_1_269' title='bbox 1510 2668 1836 2738; x_wconf 89' lang='lat' dir='ltr'><strong>corporalis;</strong></span> <span class='ocrx_word' id='word_1_270' title='bbox 1881 2668 2137 2736; x_wconf 90' lang='lat' dir='ltr'><strong>secunda,</strong></span> 
     </span>
    </p>
   </div>
   <div class='ocr_carea' id='block_1_36' title="bbox 545 2735 2141 2809">
    <p class='ocr_par' dir='ltr' id='par_1_36' title="bbox 545 2735 2141 2809">
     <span class='ocr_line' id='line_1_39' title="bbox 545 2735 2141 2809; baseline 0.001 -15"><span class='ocrx_word' id='word_1_271' title='bbox 545 2735 841 2809; x_wconf 82' lang='lat' dir='ltr'><strong>spiritualis</strong></span> <span class='ocrx_word' id='word_1_272' title='bbox 863 2755 877 2802; x_wconf 92' lang='lat'><strong>;</strong></span> <span class='ocrx_word' id='word_1_273' title='bbox 913 2739 1088 2805; x_wconf 88' lang='lat' dir='ltr'><strong>tertia,</strong></span> <span class='ocrx_word' id='word_1_274' title='bbox 1116 2738 1508 2809; x_wconf 72' lang='lat' dir='ltr'><strong>intellectualis.</strong></span> <span class='ocrx_word' id='word_1_275' title='bbox 1525 2735 1839 2809; x_wconf 75' lang='lat' dir='ltr'><strong>Corporalis</strong></span> <span class='ocrx_word' id='word_1_276' title='bbox 1861 2753 1985 2809; x_wconf 86' lang='lat' dir='ltr'><strong>ergo</strong></span> <span class='ocrx_word' id='word_1_277' title='bbox 2005 2735 2141 2794; x_wconf 91' lang='lat' dir='ltr'><strong>visio</strong></span> 
     </span>
    </p>
   </div>
   <div class='ocr_carea' id='block_1_37' title="bbox 545 2807 2142 2879">
    <p class='ocr_par' dir='ltr' id='par_1_37' title="bbox 545 2807 2142 2879">
     <span class='ocr_line' id='line_1_40' title="bbox 545 2807 2142 2879; baseline 0.001 -17"><span class='ocrx_word' id='word_1_278' title='bbox 545 2807 631 2862; x_wconf 82' lang='lat' dir='ltr'><strong>est</strong></span> <span class='ocrx_word' id='word_1_279' title='bbox 656 2823 774 2879; x_wconf 75' lang='lat' dir='ltr'><strong>quze</strong></span> <span class='ocrx_word' id='word_1_280' title='bbox 803 2809 859 2862; x_wconf 84' lang='lat' dir='ltr'><strong>fit</strong></span> <span class='ocrx_word' id='word_1_281' title='bbox 890 2823 988 2877; x_wconf 91' lang='lat' dir='ltr'><strong>per</strong></span> <span class='ocrx_word' id='word_1_282' title='bbox 1015 2822 1230 2878; x_wconf 88' lang='lat' dir='ltr'><strong>corpus.</strong></span> <span class='ocrx_word' id='word_1_283' title='bbox 1262 2807 1583 2878; x_wconf 91' lang='lat' dir='ltr'><strong>Spiritualis,</strong></span> <span class='ocrx_word' id='word_1_284' title='bbox 1617 2807 1736 2863; x_wconf 85' lang='lat' dir='ltr'><strong>cum</strong></span> <span class='ocrx_word' id='word_1_285' title='bbox 1767 2807 2024 2879; x_wconf 80' lang='lat' dir='ltr'><strong>imagines</strong></span> <span class='ocrx_word' id='word_1_286' title='bbox 2050 2825 2142 2864; x_wconf 91' lang='lat' dir='ltr'><strong>eo-</strong></span> 
     </span>
    </p>
   </div>
   <div class='ocr_carea' id='block_1_38' title="bbox 542 2878 2142 2949">
    <p class='ocr_par' dir='ltr' id='par_1_38' title="bbox 542 2878 2142 2949">
     <span class='ocr_line' id='line_1_41' title="bbox 542 2878 2142 2949; baseline 0 -16"><span class='ocrx_word' id='word_1_287' title='bbox 542 2878 810 2949; x_wconf 69' lang='lat' dir='ltr'><strong>rumque:</strong></span> <span class='ocrx_word' id='word_1_288' title='bbox 834 2880 1096 2944; x_wconf 85' lang='lat' dir='ltr'><strong>videmus,</strong></span> <span class='ocrx_word' id='word_1_289' title='bbox 1125 2880 1176 2933; x_wconf 91' lang='lat' dir='ltr'><strong>in</strong></span> <span class='ocrx_word' id='word_1_290' title='bbox 1207 2879 1464 2934; x_wconf 90' lang='lat' dir='ltr'><strong>memoria</strong></span> <span class='ocrx_word' id='word_1_291' title='bbox 1484 2879 1782 2934; x_wconf 93' lang='lat' dir='ltr'><strong>condimus.</strong></span> <span class='ocrx_word' id='word_1_292' title='bbox 1806 2878 2142 2935; x_wconf 87' lang='lat' dir='ltr'><strong>lntellectua-</strong></span> 
     </span>
    </p>
   </div>
   <div class='ocr_carea' id='block_1_39' title="bbox 542 2946 2139 3021">
    <p class='ocr_par' dir='ltr' id='par_1_39' title="bbox 542 2946 2139 3021">
     <span class='ocr_line' id='line_1_42' title="bbox 542 2946 2139 3021; baseline 0.001 -18"><span class='ocrx_word' id='word_1_293' title='bbox 542 2946 850 3021; x_wconf 76' lang='lat' dir='ltr'><strong>Iis_neinpe,</strong></span> <span class='ocrx_word' id='word_1_294' title='bbox 877 2963 998 3003; x_wconf 91' lang='lat' dir='ltr'><strong>cum</strong></span> <span class='ocrx_word' id='word_1_295' title='bbox 1021 2964 1082 3021; x_wconf 84' lang='lat' dir='ltr'><strong>ea</strong></span> <span class='ocrx_word' id='word_1_296' title='bbox 1107 2963 1225 3018; x_wconf 77' lang='lat' dir='ltr'><strong>quze</strong></span> <span class='ocrx_word' id='word_1_297' title='bbox 1244 2949 1855 3021; x_wconf 71' lang='lat' dir='ltr'><strong>corporalitervidemus</strong></span> <span class='ocrx_word' id='word_1_298' title='bbox 1879 2959 1933 3003; x_wconf 91' lang='lat' dir='ltr'><strong>et</strong></span> <span class='ocrx_word' id='word_1_299' title='bbox 1955 2950 2139 3021; x_wconf 86' lang='lat' dir='ltr'><strong>imagi-</strong></span> 
     </span>
    </p>
   </div>
   <div class='ocr_carea' id='block_1_40' title="bbox 543 3017 2136 3088">
    <p class='ocr_par' dir='ltr' id='par_1_40' title="bbox 543 3017 2136 3088">
     <span class='ocr_line' id='line_1_43' title="bbox 543 3017 2136 3088; baseline 0.002 -16"><span class='ocrx_word' id='word_1_300' title='bbox 543 3017 740 3073; x_wconf 84' lang='lat' dir='ltr'><strong>naliter</strong></span> <span class='ocrx_word' id='word_1_301' title='bbox 765 3017 818 3073; x_wconf 87' lang='lat' dir='ltr'><strong>in</strong></span> <span class='ocrx_word' id='word_1_302' title='bbox 847 3019 1104 3074; x_wconf 87' lang='lat' dir='ltr'><strong>memoria</strong></span> <span class='ocrx_word' id='word_1_303' title='bbox 1126 3017 1442 3084; x_wconf 80' lang='lat' dir='ltr'><strong>retinemus,</strong></span> <span class='ocrx_word' id='word_1_304' title='bbox 1465 3019 1735 3075; x_wconf 90' lang='lat' dir='ltr'><strong>intellectu</strong></span> <span class='ocrx_word' id='word_1_305' title='bbox 1753 3017 2136 3088; x_wconf 75' lang='lat' dir='ltr'><strong>discernimus;</strong></span> 
     </span>
    </p>
   </div>
   <div class='ocr_carea' id='block_1_41' title="bbox 542 3088 2140 3160">
    <p class='ocr_par' dir='ltr' id='par_1_41' title="bbox 542 3088 2140 3160">
     <span class='ocr_line' id='line_1_44' title="bbox 542 3088 2140 3160; baseline 0.003 -18"><span class='ocrx_word' id='word_1_306' title='bbox 542 3088 690 3158; x_wconf 87' lang='lat' dir='ltr'><strong>quod</strong></span> <span class='ocrx_word' id='word_1_307' title='bbox 717 3089 846 3144; x_wconf 91' lang='lat' dir='ltr'><strong>illud</strong></span> <span class='ocrx_word' id='word_1_308' title='bbox 879 3089 1181 3160; x_wconf 81' lang='lat' dir='ltr'><strong>sitcorpus,</strong></span> <span class='ocrx_word' id='word_1_309' title='bbox 1216 3089 1346 3144; x_wconf 94' lang='lat' dir='ltr'><strong>illud</strong></span> <span class='ocrx_word' id='word_1_310' title='bbox 1376 3089 1668 3145; x_wconf 88' lang='lat' dir='ltr'><strong>similitudo</strong></span> <span class='ocrx_word' id='word_1_311' title='bbox 1697 3091 1958 3160; x_wconf 91' lang='lat' dir='ltr'><strong>corporis.</strong></span> <span class='ocrx_word' id='word_1_312' title='bbox 1989 3091 2140 3146; x_wconf 85' lang='lat' dir='ltr'><strong>Hunc</strong></span> 
     </span>
    </p>
   </div>
   <div class='ocr_carea' id='block_1_42' title="bbox 540 3158 2139 3231">
    <p class='ocr_par' dir='ltr' id='par_1_42' title="bbox 540 3158 2139 3231">
     <span class='ocr_line' id='line_1_45' title="bbox 540 3158 2139 3231; baseline 0.002 -18"><span class='ocrx_word' id='word_1_313' title='bbox 540 3166 725 3231; x_wconf 84' lang='lat' dir='ltr'><strong>autem</strong></span> <span class='ocrx_word' id='word_1_314' title='bbox 769 3158 1092 3231; x_wconf 88' lang='lat' dir='ltr'><strong>intellectum</strong></span> <span class='ocrx_word' id='word_1_315' title='bbox 1130 3158 1326 3231; x_wconf 78' lang='lat' dir='ltr'><strong>_bestiae</strong></span> <span class='ocrx_word' id='word_1_316' title='bbox 1373 3170 1427 3216; x_wconf 93' lang='lat' dir='ltr'><strong>et</strong></span> <span class='ocrx_word' id='word_1_317' title='bbox 1471 3175 1664 3230; x_wconf 89' lang='lat' dir='ltr'><strong>pecora</strong></span> <span class='ocrx_word' id='word_1_318' title='bbox 1706 3158 1866 3231; x_wconf 78' lang='lat' dir='ltr'><strong>atque</strong></span> <span class='ocrx_word' id='word_1_319' title='bbox 1907 3162 2139 3216; x_wconf 88' lang='lat' dir='ltr'><strong>volatilia</strong></span> 
     </span>
    </p>
   </div>
   <div class='ocr_carea' id='block_1_43' title="bbox 541 3229 2137 3303">
    <p class='ocr_par' dir='ltr' id='par_1_43' title="bbox 541 3229 2137 3303">
     <span class='ocr_line' id='line_1_46' title="bbox 541 3229 2137 3303; baseline 0.002 -20"><span class='ocrx_word' id='word_1_320' title='bbox 541 3229 850 3303; x_wconf 78' lang='lat' dir='ltr'><strong>nullatenus</strong></span> <span class='ocrx_word' id='word_1_321' title='bbox 879 3229 1096 3303; x_wconf 81' lang='lat' dir='ltr'><strong>habent.</strong></span> <span class='ocrx_word' id='word_1_322' title='bbox 1130 3229 1323 3303; x_wconf 56' lang='lat' dir='ltr'><strong>Vident</strong></span> <span class='ocrx_word' id='word_1_323' title='bbox 1350 3229 1598 3303; x_wconf 35' lang='lat' dir='ltr'><strong>ipsa’per</strong></span> <span class='ocrx_word' id='word_1_324' title='bbox 1614 3229 1843 3303; x_wconf 80' lang='lat' dir='ltr'><strong>corpus;</strong></span> <span class='ocrx_word' id='word_1_325' title='bbox 1872 3239 1927 3288; x_wconf 91' lang='lat' dir='ltr'><strong>et</strong></span> <span class='ocrx_word' id='word_1_326' title='bbox 1952 3246 2137 3303; x_wconf 89' lang='lat' dir='ltr'><strong>eorum</strong></span> 
     </span>
    </p>
   </div>
   <div class='ocr_carea' id='block_1_44' title="bbox 544 3300 2140 3372">
    <p class='ocr_par' dir='ltr' id='par_1_44' title="bbox 544 3300 2140 3372">
     <span class='ocr_line' id='line_1_47' title="bbox 544 3300 2140 3372; baseline 0.003 -19"><span class='ocrx_word' id='word_1_327' title='bbox 544 3313 668 3367; x_wconf 82' lang='lat' dir='ltr'><strong>quae</strong></span> <span class='ocrx_word' id='word_1_328' title='bbox 705 3300 887 3356; x_wconf 88' lang='lat' dir='ltr'><strong>vident</strong></span> <span class='ocrx_word' id='word_1_329' title='bbox 928 3300 1280 3371; x_wconf 86' lang='lat' dir='ltr'><strong>imaginaliter</strong></span> <span class='ocrx_word' id='word_1_330' title='bbox 1319 3300 1529 3372; x_wconf 86' lang='lat' dir='ltr'><strong>species</strong></span> <span class='ocrx_word' id='word_1_331' title='bbox 1574 3300 1868 3372; x_wconf 77' lang='lat' dir='ltr'><strong>formatur,</strong></span> <span class='ocrx_word' id='word_1_332' title='bbox 1912 3302 2055 3358; x_wconf 90' lang='lat' dir='ltr'><strong>unde</strong></span> <span class='ocrx_word' id='word_1_333' title='bbox 2083 3311 2140 3358; x_wconf 92' lang='lat' dir='ltr'><strong>et</strong></span> 
     </span>
    </p>
   </div>
   <div class='ocr_carea' id='block_1_45' title="bbox 607 3517 2139 3592">
    <p class='ocr_par' dir='ltr' id='par_1_45' title="bbox 607 3517 2139 3592">
     <span class='ocr_line' id='line_1_48' title="bbox 607 3517 2139 3592; baseline 0.001 0"><span class='ocrx_word' id='word_1_334' title='bbox 607 3517 730 3592; x_wconf 60' lang='grc' dir='ltr'><strong>Ἓξ</strong></span> <span class='ocrx_word' id='word_1_335' title='bbox 754 3517 900 3592; x_wconf 61' lang='grc' dir='ltr'><strong>ιιιεειτ</strong></span> <span class='ocrx_word' id='word_1_336' title='bbox 926 3524 979 3592; x_wconf 74' lang='grc' dir='ltr'><strong>ει</strong></span> <span class='ocrx_word' id='word_1_337' title='bbox 1004 3525 1127 3592; x_wconf 59' lang='lat' dir='ltr'><strong>vep-</strong></span> <span class='ocrx_word' id='word_1_338' title='bbox 1161 3520 1253 3592; x_wconf 72' lang='grc' dir='ltr'><strong>δία.</strong></span> <span class='ocrx_word' id='word_1_339' title='bbox 1268 3518 1444 3592; x_wconf 55' lang='lat' dir='ltr'><strong>usus</strong></span> <span class='ocrx_word' id='word_1_340' title='bbox 1473 3520 1606 3592; x_wconf 69' lang='grc' dir='ltr'><strong>ιιιιιιο</strong></span> <span class='ocrx_word' id='word_1_341' title='bbox 1636 3520 1832 3592; x_wconf 62' lang='lat' dir='ltr'><strong>locum</strong></span> <span class='ocrx_word' id='word_1_342' title='bbox 1861 3521 1950 3592; x_wconf 52' lang='lat' dir='ltr'><strong>sic</strong></span> <span class='ocrx_word' id='word_1_343' title='bbox 1971 3527 2017 3573; x_wconf 78' lang='grc' dir='ltr'><strong>ει</strong></span> <span class='ocrx_word' id='word_1_344' title='bbox 2039 3521 2139 3574; x_wconf 62' lang='lat' dir='ltr'><strong>alia</strong></span> 
     </span>
    </p>
   </div>
   <div class='ocr_carea' id='block_1_46' title="bbox 544 3576 1945 3644">
    <p class='ocr_par' dir='ltr' id='par_1_46' title="bbox 544 3576 1945 3644">
     <span class='ocr_line' id='line_1_49' title="bbox 544 3576 1945 3644; baseline 0.002 -15"><span class='ocrx_word' id='word_1_345' title='bbox 544 3576 936 3644; x_wconf 56' lang='lat' dir='ltr'><strong>aptatuio&#39;ltoc</strong></span> <span class='ocrx_word' id='word_1_346' title='bbox 957 3578 1096 3632; x_wconf 84' lang='lat' dir='ltr'><strong>habet</strong></span> <span class='ocrx_word' id='word_1_347' title='bbox 1125 3593 1142 3631; x_wconf 89' lang='lat'><strong><em>:</em></strong></span> <span class='ocrx_word' id='word_1_348' title='bbox 1166 3576 1356 3633; x_wconf 62' lang='lat' dir='ltr'><strong>eximat}</strong></span> <span class='ocrx_word' id='word_1_349' title='bbox 1387 3582 1450 3634; x_wconf 83' lang='lat' dir='ltr'><strong>de</strong></span> <span class='ocrx_word' id='word_1_350' title='bbox 1472 3587 1607 3633; x_wconf 90' lang='lat' dir='ltr'><strong>terra</strong></span> <span class='ocrx_word' id='word_1_351' title='bbox 1639 3589 1822 3635; x_wconf 79' lang='lat' dir='ltr'><strong>nostra.</strong></span> <span class='ocrx_word' id='word_1_352' title='bbox 1887 3591 1945 3633; x_wconf 80' lang='grc' dir='ltr'><strong>ιιι.</strong></span> 
     </span>
    </p>
   </div>
   <div class='ocr_carea' id='block_1_47' title="bbox 1277 211 3744 286">
    <p class='ocr_par' dir='ltr' id='par_1_47' title="bbox 1277 211 3744 286">
     <span class='ocr_line' id='line_1_50' title="bbox 1277 211 3744 286; baseline -0.004 -10"><span class='ocrx_word' id='word_1_353' title='bbox 1277 217 1642 278; x_wconf 81' lang='lat' dir='ltr'><strong>APPENDIX.</strong></span> <span class='ocrx_word' id='word_1_354' title='bbox 1683 215 2055 276; x_wconf 60' lang='lat' dir='ltr'><strong>annoanno</strong></span> <span class='ocrx_word' id='word_1_355' title='bbox 2091 215 2159 273; x_wconf 90' lang='lat' dir='ltr'><strong>lN</strong></span> <span class='ocrx_word' id='word_1_356' title='bbox 2197 211 2747 286; x_wconf 81' lang='lat' dir='ltr'><strong>SUBSEQUENTEM</strong></span> <span class='ocrx_word' id='word_1_357' title='bbox 2784 212 3060 274; x_wconf 77' lang='lat' dir='ltr'><strong>LIBRUM.</strong></span> <span class='ocrx_word' id='word_1_358' title='bbox 3672 229 3744 286; x_wconf 55' lang='grc' dir='ltr'><strong>ηεξ</strong></span> 
     </span>
    </p>
   </div>
   <div class='ocr_carea' id='block_1_48' title="bbox 2257 333 3751 404">
    <p class='ocr_par' dir='ltr' id='par_1_48' title="bbox 2257 333 3751 404">
     <span class='ocr_line' id='line_1_51' title="bbox 2257 333 3751 404; baseline 0.009 -17"><span class='ocrx_word' id='word_1_359' title='bbox 2257 348 2448 402; x_wconf 89' lang='lat' dir='ltr'><strong>pecora</strong></span> <span class='ocrx_word' id='word_1_360' title='bbox 2476 333 2735 404; x_wconf 60' lang='lat' dir='ltr'><strong>praesepia</strong></span> <span class='ocrx_word' id='word_1_361' title='bbox 2762 341 3181 404; x_wconf 84' lang='lat' dir='ltr'><strong>recognoscant,</strong></span> <span class='ocrx_word' id='word_1_362' title='bbox 3210 342 3263 389; x_wconf 91' lang='lat' dir='ltr'><strong>et</strong></span> <span class='ocrx_word' id='word_1_363' title='bbox 3286 344 3408 391; x_wconf 87' lang='lat' dir='ltr'><strong>aves</strong></span> <span class='ocrx_word' id='word_1_364' title='bbox 3431 336 3488 391; x_wconf 90' lang='lat' dir='ltr'><strong>ad</strong></span> <span class='ocrx_word' id='word_1_365' title='bbox 3515 339 3640 396; x_wconf 83' lang='lat' dir='ltr'><strong>nidos</strong></span> <span class='ocrx_word' id='word_1_366' title='bbox 3660 358 3751 402; x_wconf 84' lang='lat' dir='ltr'><strong>suos</strong></span> 
     </span>
    </p>
   </div>
   <div class='ocr_carea' id='block_1_49' title="bbox 2257 404 3754 477">
    <p class='ocr_par' dir='ltr' id='par_1_49' title="bbox 2257 404 3754 477">
     <span class='ocr_line' id='line_1_52' title="bbox 2257 404 3754 477; baseline 0.007 -17"><span class='ocrx_word' id='word_1_367' title='bbox 2257 404 2483 460; x_wconf 91' lang='lat' dir='ltr'><strong>redeunt</strong></span> <span class='ocrx_word' id='word_1_368' title='bbox 2507 424 2520 461; x_wconf 92' lang='lat'>:</span> <span class='ocrx_word' id='word_1_369' title='bbox 2547 404 2642 460; x_wconf 92' lang='lat' dir='ltr'><strong>sed</strong></span> <span class='ocrx_word' id='word_1_370' title='bbox 2668 419 2767 460; x_wconf 91' lang='lat' dir='ltr'><strong>nec</strong></span> <span class='ocrx_word' id='word_1_371' title='bbox 2787 420 2847 460; x_wconf 91' lang='lat' dir='ltr'><strong>se</strong></span> <span class='ocrx_word' id='word_1_372' title='bbox 2874 406 2987 477; x_wconf 88' lang='lat' dir='ltr'><strong>ipsa</strong></span> <span class='ocrx_word' id='word_1_373' title='bbox 3013 405 3308 476; x_wconf 87' lang='lat' dir='ltr'><strong>intelligunt</strong></span> <span class='ocrx_word' id='word_1_374' title='bbox 3335 422 3446 477; x_wconf 66' lang='lat' dir='ltr'><strong>qua:</strong></span> <span class='ocrx_word' id='word_1_375' title='bbox 3467 409 3577 474; x_wconf 87' lang='lat' dir='ltr'><strong>sint.</strong></span> <span class='ocrx_word' id='word_1_376' title='bbox 3598 429 3675 468; x_wconf 87' lang='lat' dir='ltr'><strong>nec</strong></span> <span class='ocrx_word' id='word_1_377' title='bbox 3691 417 3754 470; x_wconf 82' lang='lat' dir='ltr'><strong>illa</strong></span> 
     </span>
    </p>
   </div>
   <div class='ocr_carea' id='block_1_50' title="bbox 2257 475 3755 548">
    <p class='ocr_par' dir='ltr' id='par_1_50' title="bbox 2257 475 3755 548">
     <span class='ocr_line' id='line_1_53' title="bbox 2257 475 3755 548; baseline 0.007 -18"><span class='ocrx_word' id='word_1_378' title='bbox 2257 491 2376 546; x_wconf 71' lang='lat' dir='ltr'><strong>qua:</strong></span> <span class='ocrx_word' id='word_1_379' title='bbox 2405 477 2575 548; x_wconf 87' lang='lat' dir='ltr'><strong>oculis</strong></span> <span class='ocrx_word' id='word_1_380' title='bbox 2603 484 2849 531; x_wconf 90' lang='lat' dir='ltr'><strong>cernunt.</strong></span> <span class='ocrx_word' id='word_1_381' title='bbox 2895 475 3173 548; x_wconf 81' lang='lat' dir='ltr'><strong>Postremo</strong></span> <span class='ocrx_word' id='word_1_382' title='bbox 3194 475 3494 548; x_wconf 76' lang='lat' dir='ltr'><strong>corporalis</strong></span> <span class='ocrx_word' id='word_1_383' title='bbox 3529 481 3643 536; x_wconf 86' lang='lat' dir='ltr'><strong>visio</strong></span> <span class='ocrx_word' id='word_1_384' title='bbox 3675 487 3755 541; x_wconf 80' lang='lat' dir='ltr'><strong>sine</strong></span> 
     </span>
    </p>
   </div>
   <div class='ocr_carea' id='block_1_51' title="bbox 2255 546 3758 620">
    <p class='ocr_par' dir='ltr' id='par_1_51' title="bbox 2255 546 3758 620">
     <span class='ocr_line' id='line_1_54' title="bbox 2255 546 3758 620; baseline 0.006 -18"><span class='ocrx_word' id='word_1_385' title='bbox 2255 547 2517 620; x_wconf 74' lang='lat' dir='ltr'><strong>spirituali</strong></span> <span class='ocrx_word' id='word_1_386' title='bbox 2547 562 2668 620; x_wconf 87' lang='lat' dir='ltr'><strong>esse</strong></span> <span class='ocrx_word' id='word_1_387' title='bbox 2696 562 2802 602; x_wconf 92' lang='lat' dir='ltr'><strong>non</strong></span> <span class='ocrx_word' id='word_1_388' title='bbox 2835 555 3028 620; x_wconf 82' lang='lat' dir='ltr'><strong>potest.</strong></span> <span class='ocrx_word' id='word_1_389' title='bbox 3075 546 3263 620; x_wconf 78' lang='lat' dir='ltr'><strong>Statim</strong></span> <span class='ocrx_word' id='word_1_390' title='bbox 3306 546 3429 620; x_wconf 85' lang='lat' dir='ltr'><strong>ergo</strong></span> <span class='ocrx_word' id='word_1_391' title='bbox 3465 559 3516 604; x_wconf 91' lang='lat' dir='ltr'><strong>ut</strong></span> <span class='ocrx_word' id='word_1_392' title='bbox 3539 555 3758 613; x_wconf 83' lang='lat' dir='ltr'><strong>avertimus</strong></span> 
     </span>
    </p>
   </div>
   <div class='ocr_carea' id='block_1_52' title="bbox 2256 616 3758 692">
    <p class='ocr_par' dir='ltr' id='par_1_52' title="bbox 2256 616 3758 692">
     <span class='ocr_line' id='line_1_55' title="bbox 2256 616 3758 692; baseline -0.003 -20"><span class='ocrx_word' id='word_1_393' title='bbox 2256 618 2438 692; x_wconf 81' lang='lat' dir='ltr'><strong>oculos</strong></span> <span class='ocrx_word' id='word_1_394' title='bbox 2465 618 2532 692; x_wconf 84' lang='lat' dir='ltr'><strong>ab</strong></span> <span class='ocrx_word' id='word_1_395' title='bbox 2559 618 2636 673; x_wconf 93' lang='lat' dir='ltr'><strong>eis</strong></span> <span class='ocrx_word' id='word_1_396' title='bbox 2665 616 3081 692; x_wconf 74' lang='lat' dir='ltr'><strong>qua:_videmus,</strong></span> <span class='ocrx_word' id='word_1_397' title='bbox 3112 616 3558 692; x_wconf 59' lang='lat' dir='ltr'><strong>imagines&#39;eorum</strong></span> <span class='ocrx_word' id='word_1_398' title='bbox 3593 640 3686 692; x_wconf 72' lang='lat' dir='ltr'><strong>qua:</strong></span> <span class='ocrx_word' id='word_1_399' title='bbox 3708 631 3758 680; x_wconf 78' lang='lat' dir='ltr'><strong>ri.</strong></span> 
     </span>
    </p>
   </div>
   <div class='ocr_carea' id='block_1_53' title="bbox 2255 688 3759 760">
    <p class='ocr_par' dir='ltr' id='par_1_53' title="bbox 2255 688 3759 760">
     <span class='ocr_line' id='line_1_56' title="bbox 2255 688 3759 760; baseline 0.005 -17"><span class='ocrx_word' id='word_1_400' title='bbox 2255 688 2430 744; x_wconf 89' lang='lat' dir='ltr'><strong>dimus</strong></span> <span class='ocrx_word' id='word_1_401' title='bbox 2450 731 2464 755; x_wconf 94' lang='lat'><strong>,</strong></span> <span class='ocrx_word' id='word_1_402' title='bbox 2497 690 2548 743; x_wconf 92' lang='lat' dir='ltr'><strong>in</strong></span> <span class='ocrx_word' id='word_1_403' title='bbox 2581 690 2837 744; x_wconf 86' lang='lat' dir='ltr'><strong>memoria</strong></span> <span class='ocrx_word' id='word_1_404' title='bbox 2869 689 3179 760; x_wconf 81' lang='lat' dir='ltr'><strong>retinemus.</strong></span> <span class='ocrx_word' id='word_1_405' title='bbox 3211 688 3498 760; x_wconf 86' lang='lat' dir='ltr'><strong>Spiritualis</strong></span> <span class='ocrx_word' id='word_1_406' title='bbox 3526 688 3634 747; x_wconf 82' lang='lat' dir='ltr'><strong>vero</strong></span> <span class='ocrx_word' id='word_1_407' title='bbox 3667 697 3759 753; x_wconf 82' lang='lat' dir='ltr'><strong>visio</strong></span> 
     </span>
    </p>
   </div>
   <div class='ocr_carea' id='block_1_54' title="bbox 2255 759 3758 829">
    <p class='ocr_par' dir='ltr' id='par_1_54' title="bbox 2255 759 3758 829">
     <span class='ocr_line' id='line_1_57' title="bbox 2255 759 3758 829; baseline 0.004 -15"><span class='ocrx_word' id='word_1_408' title='bbox 2255 760 2371 814; x_wconf 91' lang='lat' dir='ltr'><strong>sine</strong></span> <span class='ocrx_word' id='word_1_409' title='bbox 2397 761 2659 829; x_wconf 92' lang='lat' dir='ltr'><strong>corporali</strong></span> <span class='ocrx_word' id='word_1_410' title='bbox 2689 775 2809 814; x_wconf 90' lang='lat' dir='ltr'><strong>esse</strong></span> <span class='ocrx_word' id='word_1_411' title='bbox 2836 768 3047 829; x_wconf 88' lang='lat' dir='ltr'><strong>potest;</strong></span> <span class='ocrx_word' id='word_1_412' title='bbox 3077 759 3219 815; x_wconf 90' lang='lat' dir='ltr'><strong>unde</strong></span> <span class='ocrx_word' id='word_1_413' title='bbox 3246 771 3300 815; x_wconf 91' lang='lat' dir='ltr'><strong>et</strong></span> <span class='ocrx_word' id='word_1_414' title='bbox 3327 761 3558 817; x_wconf 89' lang='lat' dir='ltr'><strong>absentes</strong></span> <span class='ocrx_word' id='word_1_415' title='bbox 3580 763 3758 823; x_wconf 82' lang='lat' dir='ltr'><strong>homines</strong></span> 
     </span>
    </p>
   </div>
   <div class='ocr_carea' id='block_1_55' title="bbox 2254 831 3758 903">
    <p class='ocr_par' dir='ltr' id='par_1_55' title="bbox 2254 831 3758 903">
     <span class='ocr_line' id='line_1_58' title="bbox 2254 831 3758 903; baseline 0.003 -19"><span class='ocrx_word' id='word_1_416' title='bbox 2254 831 2618 903; x_wconf 68' lang='lat' dir='ltr'><strong>recordamur,</strong></span> <span class='ocrx_word' id='word_1_417' title='bbox 2645 841 2698 885; x_wconf 90' lang='lat' dir='ltr'><strong>et</strong></span> <span class='ocrx_word' id='word_1_418' title='bbox 2729 831 2787 903; x_wconf 89' lang='lat' dir='ltr'><strong>in_</strong></span> <span class='ocrx_word' id='word_1_419' title='bbox 2807 831 3040 903; x_wconf 83' lang='lat' dir='ltr'><strong>tenebris</strong></span> <span class='ocrx_word' id='word_1_420' title='bbox 3068 845 3129 903; x_wconf 83' lang='lat' dir='ltr'><strong>ea</strong></span> <span class='ocrx_word' id='word_1_421' title='bbox 3159 847 3276 902; x_wconf 57' lang='lat' dir='ltr'><strong>quae</strong></span> <span class='ocrx_word' id='word_1_422' title='bbox 3298 831 3515 886; x_wconf 85' lang='lat' dir='ltr'><strong>vidimus</strong></span> <span class='ocrx_word' id='word_1_423' title='bbox 3534 873 3549 900; x_wconf 93' lang='lat'><strong>,</strong></span> <span class='ocrx_word' id='word_1_424' title='bbox 3573 834 3758 903; x_wconf 80' lang='lat' dir='ltr'><strong>imagina-</strong></span> 
     </span>
    </p>
   </div>
   <div class='ocr_carea' id='block_1_56' title="bbox 2254 900 3761 973">
    <p class='ocr_par' dir='ltr' id='par_1_56' title="bbox 2254 900 3761 973">
     <span class='ocr_line' id='line_1_59' title="bbox 2254 900 3761 973; baseline 0.005 -19"><span class='ocrx_word' id='word_1_425' title='bbox 2254 900 2374 973; x_wconf 80' lang='lat' dir='ltr'><strong>iiter</strong></span> <span class='ocrx_word' id='word_1_426' title='bbox 2420 901 2712 956; x_wconf 89' lang='lat' dir='ltr'><strong>cernimus.</strong></span> <span class='ocrx_word' id='word_1_427' title='bbox 2765 901 3144 973; x_wconf 76' lang='lat' dir='ltr'><strong>intellectualis</strong></span> <span class='ocrx_word' id='word_1_428' title='bbox 3177 900 3380 971; x_wconf 43' lang='lat' dir='ltr'><strong>“nempe</strong></span> <span class='ocrx_word' id='word_1_429' title='bbox 3431 918 3523 958; x_wconf 92' lang='lat' dir='ltr'><strong>nec</strong></span> <span class='ocrx_word' id='word_1_430' title='bbox 3565 900 3761 973; x_wconf 81' lang='lat' dir='ltr'><strong>corporali</strong></span> 
     </span>
    </p>
   </div>
   <div class='ocr_carea' id='block_1_57' title="bbox 2253 971 3762 1045">
    <p class='ocr_par' dir='ltr' id='par_1_57' title="bbox 2253 971 3762 1045">
     <span class='ocr_line' id='line_1_60' title="bbox 2253 971 3762 1045; baseline 0.005 -20"><span class='ocrx_word' id='word_1_431' title='bbox 2253 971 2458 1045; x_wconf 85' lang='lat' dir='ltr'><strong>indiget</strong></span> <span class='ocrx_word' id='word_1_432' title='bbox 2500 987 2600 1026; x_wconf 88' lang='lat' dir='ltr'><strong>nec</strong></span> <span class='ocrx_word' id='word_1_433' title='bbox 2647 972 2929 1045; x_wconf 10' lang='lat' dir='ltr'><strong>sipiritnali.</strong></span> <span class='ocrx_word' id='word_1_434' title='bbox 2981 972 3081 1027; x_wconf 85' lang='lat' dir='ltr'><strong>Per</strong></span> <span class='ocrx_word' id='word_1_435' title='bbox 3128 973 3452 1045; x_wconf 60' lang='lat' dir='ltr'><strong>intellectum</strong></span> <span class='ocrx_word' id='word_1_436' title='bbox 3498 990 3587 1029; x_wconf 90' lang='lat' dir='ltr'><strong>nec</strong></span> <span class='ocrx_word' id='word_1_437' title='bbox 3624 971 3762 1045; x_wconf 84' lang='lat' dir='ltr'><strong>corpus</strong></span> 
     </span>
    </p>
   </div>
   <div class='ocr_carea' id='block_1_58' title="bbox 2252 1042 3762 1115">
    <p class='ocr_par' dir='ltr' id='par_1_58' title="bbox 2252 1042 3762 1115">
     <span class='ocr_line' id='line_1_61' title="bbox 2252 1042 3762 1115; baseline 0.003 -19"><span class='ocrx_word' id='word_1_438' title='bbox 2252 1042 2512 1115; x_wconf 76' lang='lat' dir='ltr'><strong>videmus,</strong></span> <span class='ocrx_word' id='word_1_439' title='bbox 2541 1058 2640 1115; x_wconf 86' lang='lat' dir='ltr'><strong>nec</strong></span> <span class='ocrx_word' id='word_1_440' title='bbox 2667 1043 2947 1115; x_wconf 84' lang='lat' dir='ltr'><strong>imaginem</strong></span> <span class='ocrx_word' id='word_1_441' title='bbox 2975 1044 3234 1115; x_wconf 73' lang='lat' dir='ltr'><strong>corporis.</strong></span> <span class='ocrx_word' id='word_1_442' title='bbox 3259 1043 3362 1098; x_wconf 89' lang='lat' dir='ltr'><strong>Per</strong></span> <span class='ocrx_word' id='word_1_443' title='bbox 3385 1043 3515 1100; x_wconf 86' lang='lat' dir='ltr'><strong>hanc</strong></span> <span class='ocrx_word' id='word_1_444' title='bbox 3538 1042 3762 1115; x_wconf 36' lang='lat' dir='ltr'><strong>quippe—vi-</strong></span> 
     </span>
    </p>
   </div>
   <div class='ocr_carea' id='block_1_59' title="bbox 2252 1112 3760 1184">
    <p class='ocr_par' dir='ltr' id='par_1_59' title="bbox 2252 1112 3760 1184">
     <span class='ocr_line' id='line_1_62' title="bbox 2252 1112 3760 1184; baseline 0.004 -17"><span class='ocrx_word' id='word_1_445' title='bbox 2252 1112 2410 1168; x_wconf 89' lang='lat' dir='ltr'><strong>detur</strong></span> <span class='ocrx_word' id='word_1_446' title='bbox 2429 1113 2655 1182; x_wconf 88' lang='lat' dir='ltr'><strong>justitia,</strong></span> <span class='ocrx_word' id='word_1_447' title='bbox 2679 1113 2933 1184; x_wconf 75' lang='lat' dir='ltr'><strong>Charitas,</strong></span> <span class='ocrx_word' id='word_1_448' title='bbox 2959 1114 3070 1182; x_wconf 89' lang='lat' dir='ltr'><strong>ipse</strong></span> <span class='ocrx_word' id='word_1_449' title='bbox 3093 1114 3252 1178; x_wconf 90' lang='lat' dir='ltr'><strong>Deus,</strong></span> <span class='ocrx_word' id='word_1_450' title='bbox 3279 1115 3397 1184; x_wconf 90' lang='lat' dir='ltr'><strong>ipsa</strong></span> <span class='ocrx_word' id='word_1_451' title='bbox 3416 1112 3760 1183; x_wconf 40' lang='lat' dir='ltr'><strong>mens—hominis,</strong></span> 
     </span>
    </p>
   </div>
   <div class='ocr_carea' id='block_1_60' title="bbox 2252 1183 3762 1253">
    <p class='ocr_par' dir='ltr' id='par_1_60' title="bbox 2252 1183 3762 1253">
     <span class='ocr_line' id='line_1_63' title="bbox 2252 1183 3762 1253; baseline 0.004 -16"><span class='ocrx_word' id='word_1_452' title='bbox 2252 1199 2370 1253; x_wconf 71' lang='lat' dir='ltr'><strong>qua:</strong></span> <span class='ocrx_word' id='word_1_453' title='bbox 2400 1184 2602 1237; x_wconf 92' lang='lat' dir='ltr'><strong>nullum</strong></span> <span class='ocrx_word' id='word_1_454' title='bbox 2632 1199 2822 1253; x_wconf 86' lang='lat' dir='ltr'><strong>corpus</strong></span> <span class='ocrx_word' id='word_1_455' title='bbox 2853 1183 3031 1247; x_wconf 86' lang='lat' dir='ltr'><strong>habet,</strong></span> <span class='ocrx_word' id='word_1_456' title='bbox 3066 1185 3264 1238; x_wconf 89' lang='lat' dir='ltr'><strong>nullam</strong></span> <span class='ocrx_word' id='word_1_457' title='bbox 3295 1183 3664 1241; x_wconf 82' lang='lat' dir='ltr'><strong>Similitudinem</strong></span> <span class='ocrx_word' id='word_1_458' title='bbox 3683 1204 3762 1243; x_wconf 84' lang='lat' dir='ltr'><strong>cor-</strong></span> 
     </span>
    </p>
   </div>
   <div class='ocr_carea' id='block_1_61' title="bbox 2254 1253 3762 1324">
    <p class='ocr_par' dir='ltr' id='par_1_61' title="bbox 2254 1253 3762 1324">
     <span class='ocr_line' id='line_1_64' title="bbox 2254 1253 3762 1324; baseline 0.002 -15"><span class='ocrx_word' id='word_1_459' title='bbox 2254 1255 2417 1323; x_wconf 90' lang='lat' dir='ltr'><strong>poris.</strong></span> <span class='ocrx_word' id='word_1_460' title='bbox 2447 1254 2528 1308; x_wconf 85' lang='lat' dir='ltr'><strong>Ob</strong></span> <span class='ocrx_word' id='word_1_461' title='bbox 2555 1253 2605 1308; x_wconf 94' lang='lat' dir='ltr'><strong>id</strong></span> <span class='ocrx_word' id='word_1_462' title='bbox 2633 1263 2691 1324; x_wconf 81' lang='lat' dir='ltr'><strong>et</strong></span> <span class='ocrx_word' id='word_1_463' title='bbox 2714 1263 2898 1322; x_wconf 89' lang='lat' dir='ltr'><strong>raptus</strong></span> <span class='ocrx_word' id='word_1_464' title='bbox 2924 1253 3097 1310; x_wconf 82' lang='lat' dir='ltr'><strong>fuerat</strong></span> <span class='ocrx_word' id='word_1_465' title='bbox 3119 1257 3394 1324; x_wconf 88' lang='lat' dir='ltr'><strong>apostolus</strong></span> <span class='ocrx_word' id='word_1_466' title='bbox 3419 1256 3599 1310; x_wconf 88' lang='lat' dir='ltr'><strong>Paulus</strong></span> <span class='ocrx_word' id='word_1_467' title='bbox 3630 1257 3672 1311; x_wconf 93' lang='lat' dir='ltr'><strong>in</strong></span> <span class='ocrx_word' id='word_1_468' title='bbox 3693 1270 3762 1312; x_wconf 83' lang='lat' dir='ltr'><strong>ter-</strong></span> 
     </span>
    </p>
   </div>
   <div class='ocr_carea' id='block_1_62' title="bbox 2251 1323 3835 1395">
    <p class='ocr_par' dir='ltr' id='par_1_62' title="bbox 2251 1323 3835 1395">
     <span class='ocr_line' id='line_1_65' title="bbox 2251 1323 3835 1395; baseline 0.004 -17"><span class='ocrx_word' id='word_1_469' title='bbox 2251 1325 2384 1395; x_wconf 89' lang='lat' dir='ltr'><strong>tium</strong></span> <span class='ocrx_word' id='word_1_470' title='bbox 2415 1324 2607 1380; x_wconf 85' lang='lat' dir='ltr'><strong>coelum</strong></span> <span class='ocrx_word' id='word_1_471' title='bbox 2650 1323 2715 1392; x_wconf 93' lang='lat' dir='ltr'><strong>(ll</strong></span> <span class='ocrx_word' id='word_1_472' title='bbox 2745 1324 2862 1380; x_wconf 87' lang='lat' dir='ltr'><strong>Cor.</strong></span> <span class='ocrx_word' id='word_1_473' title='bbox 2891 1341 2964 1380; x_wconf 86' lang='lat' dir='ltr'><strong>xu</strong></span> <span class='ocrx_word' id='word_1_474' title='bbox 2984 1366 2999 1391; x_wconf 93' lang='lat'><strong>,</strong></span> <span class='ocrx_word' id='word_1_475' title='bbox 3023 1324 3081 1395; x_wconf 74' lang='lat'><strong>2)</strong></span> <span class='ocrx_word' id='word_1_476' title='bbox 3101 1367 3116 1391; x_wconf 91' lang='lat'><strong>,</strong></span> <span class='ocrx_word' id='word_1_477' title='bbox 3148 1323 3199 1380; x_wconf 91' lang='lat' dir='ltr'><strong>id</strong></span> <span class='ocrx_word' id='word_1_478' title='bbox 3226 1336 3310 1381; x_wconf 91' lang='lat' dir='ltr'><strong>est</strong></span> <span class='ocrx_word' id='word_1_479' title='bbox 3337 1327 3405 1382; x_wconf 91' lang='lat' dir='ltr'><strong>ad</strong></span> <span class='ocrx_word' id='word_1_480' title='bbox 3429 1327 3764 1384; x_wconf 82' lang='lat' dir='ltr'><strong>intellectualem</strong></span> <span class='ocrx_word' id='word_1_481' title='bbox 3834 1335 3835 1358; x_wconf 74' lang='grc'><em>³</em></span> 
     </span>
    </p>
   </div>
   <div class='ocr_carea' id='block_1_63' title="bbox 2249 1394 3835 1467">
    <p class='ocr_par' dir='ltr' id='par_1_63' title="bbox 2249 1394 3835 1467">
     <span class='ocr_line' id='line_1_66' title="bbox 2249 1394 3835 1467; baseline 0.003 -18"><span class='ocrx_word' id='word_1_482' title='bbox 2249 1394 2531 1467; x_wconf 77' lang='lat' dir='ltr'><strong>visionem,</strong></span> <span class='ocrx_word' id='word_1_483' title='bbox 2562 1404 2618 1449; x_wconf 89' lang='lat' dir='ltr'><strong>ut</strong></span> <span class='ocrx_word' id='word_1_484' title='bbox 2647 1395 2812 1467; x_wconf 89' lang='lat' dir='ltr'><strong>Deum</strong></span> <span class='ocrx_word' id='word_1_485' title='bbox 2843 1411 2956 1467; x_wconf 93' lang='lat' dir='ltr'><strong>non</strong></span> <span class='ocrx_word' id='word_1_486' title='bbox 2978 1394 3074 1465; x_wconf 86' lang='lat' dir='ltr'><strong>per</strong></span> <span class='ocrx_word' id='word_1_487' title='bbox 3097 1411 3312 1467; x_wconf 91' lang='lat' dir='ltr'><strong>corpus,</strong></span> <span class='ocrx_word' id='word_1_488' title='bbox 3341 1412 3446 1452; x_wconf 94' lang='lat' dir='ltr'><strong>non</strong></span> <span class='ocrx_word' id='word_1_489' title='bbox 3475 1412 3563 1467; x_wconf 89' lang='lat' dir='ltr'><strong>per</strong></span> <span class='ocrx_word' id='word_1_490' title='bbox 3585 1399 3764 1453; x_wconf 81' lang='lat' dir='ltr'><strong>similitu-</strong></span> <span class='ocrx_word' id='word_1_491' title='bbox 3834 1405 3835 1467; x_wconf 60' lang='grc' dir='ltr'>ἒ</span> 
     </span>
    </p>
   </div>
   <div class='ocr_carea' id='block_1_64' title="bbox 2250 1464 3835 1538">
    <p class='ocr_par' dir='ltr' id='par_1_64' title="bbox 2250 1464 3835 1538">
     <span class='ocr_line' id='line_1_67' title="bbox 2250 1464 3835 1538; baseline 0.004 -19"><span class='ocrx_word' id='word_1_492' title='bbox 2250 1464 2428 1538; x_wconf 89' lang='lat' dir='ltr'><strong>d_inem</strong></span> <span class='ocrx_word' id='word_1_493' title='bbox 2468 1466 2738 1538; x_wconf 83' lang='lat' dir='ltr'><strong>corporis,</strong></span> <span class='ocrx_word' id='word_1_494' title='bbox 2781 1467 2876 1522; x_wconf 91' lang='lat' dir='ltr'><strong>sed</strong></span> <span class='ocrx_word' id='word_1_495' title='bbox 2917 1464 3056 1522; x_wconf 82' lang='lat' dir='ltr'><strong>sicut</strong></span> <span class='ocrx_word' id='word_1_496' title='bbox 3091 1464 3326 1538; x_wconf 58' lang='lat' dir='ltr'><strong>est&#39;ipsa</strong></span> <span class='ocrx_word' id='word_1_497' title='bbox 3352 1464 3542 1524; x_wconf 73' lang='lat' dir='ltr'><strong>veritas</strong></span> <span class='ocrx_word' id='word_1_498' title='bbox 3567 1480 3763 1524; x_wconf 83' lang='lat' dir='ltr'><strong>cerneret.</strong></span> <span class='ocrx_word' id='word_1_499' title='bbox 3834 1464 3835 1534; x_wconf 52' lang='grc' dir='ltr'>ἦ</span> 
     </span>
    </p>
   </div>
   <div class='ocr_carea' id='block_1_65' title="bbox 2249 1535 3765 1610">
    <p class='ocr_par' dir='ltr' id='par_1_65' title="bbox 2249 1535 3765 1610">
     <span class='ocr_line' id='line_1_68' title="bbox 2249 1535 3765 1610; baseline 0.003 -19"><span class='ocrx_word' id='word_1_500' title='bbox 2249 1535 2382 1591; x_wconf 87' lang='lat' dir='ltr'><strong>Tres</strong></span> <span class='ocrx_word' id='word_1_501' title='bbox 2411 1551 2538 1606; x_wconf 88' lang='lat' dir='ltr'><strong>ergo</strong></span> <span class='ocrx_word' id='word_1_502' title='bbox 2567 1536 2724 1610; x_wconf 67' lang='lat' dir='ltr'><strong>caeli,</strong></span> <span class='ocrx_word' id='word_1_503' title='bbox 2743 1539 2858 1610; x_wconf 87' lang='lat' dir='ltr'><strong>_tria</strong></span> <span class='ocrx_word' id='word_1_504' title='bbox 2896 1547 3036 1610; x_wconf 66' lang='lat' dir='ltr'><strong>sunt</strong></span> <span class='ocrx_word' id='word_1_505' title='bbox 3057 1535 3322 1593; x_wconf 83' lang='lat' dir='ltr'><strong>visionum</strong></span> <span class='ocrx_word' id='word_1_506' title='bbox 3353 1538 3419 1594; x_wconf 92' lang='lat' dir='ltr'><strong>de</strong></span> <span class='ocrx_word' id='word_1_507' title='bbox 3445 1539 3620 1610; x_wconf 86' lang='lat' dir='ltr'><strong>quibus</strong></span> <span class='ocrx_word' id='word_1_508' title='bbox 3641 1540 3765 1610; x_wconf 89' lang='lat' dir='ltr'><strong>loqui-</strong></span> 
     </span>
    </p>
   </div>
   <div class='ocr_carea' id='block_1_66' title="bbox 2249 1606 3767 1679">
    <p class='ocr_par' dir='ltr' id='par_1_66' title="bbox 2249 1606 3767 1679">
     <span class='ocr_line' id='line_1_69' title="bbox 2249 1606 3767 1679; baseline 0.003 -19"><span class='ocrx_word' id='word_1_509' title='bbox 2249 1621 2398 1679; x_wconf 71' lang='lat' dir='ltr'><strong>mur,</strong></span> <span class='ocrx_word' id='word_1_510' title='bbox 2429 1623 2642 1679; x_wconf 78' lang='lat' dir='ltr'><strong>genera.</strong></span> <span class='ocrx_word' id='word_1_511' title='bbox 2676 1607 2760 1662; x_wconf 83' lang='lat' dir='ltr'><strong>Ad</strong></span> <span class='ocrx_word' id='word_1_512' title='bbox 2786 1609 2887 1663; x_wconf 86' lang='lat' dir='ltr'><strong>hoc</strong></span> <span class='ocrx_word' id='word_1_513' title='bbox 2915 1606 3153 1679; x_wconf 83' lang='lat' dir='ltr'><strong>profecto</strong></span> <span class='ocrx_word' id='word_1_514' title='bbox 3179 1606 3496 1679; x_wconf 75' lang='lat' dir='ltr'><strong>pervenerat</strong></span> <span class='ocrx_word' id='word_1_515' title='bbox 3521 1606 3709 1674; x_wconf 65' lang='lat' dir='ltr'><strong>Paulus;</strong></span> <span class='ocrx_word' id='word_1_516' title='bbox 3732 1623 3767 1664; x_wconf 89' lang='lat' dir='ltr'><strong>ut</strong></span> 
     </span>
    </p>
   </div>
   <div class='ocr_carea' id='block_1_67' title="bbox 2249 1675 3767 1751">
    <p class='ocr_par' dir='ltr' id='par_1_67' title="bbox 2249 1675 3767 1751">
     <span class='ocr_line' id='line_1_70' title="bbox 2249 1675 3767 1751; baseline 0.003 -20"><span class='ocrx_word' id='word_1_517' title='bbox 2249 1675 2417 1751; x_wconf 80' lang='lat' dir='ltr'><strong>Deum</strong></span> <span class='ocrx_word' id='word_1_518' title='bbox 2446 1675 2526 1751; x_wconf 86' lang='lat' dir='ltr'><strong>sic</strong></span> <span class='ocrx_word' id='word_1_519' title='bbox 2553 1679 2606 1751; x_wconf 85' lang='lat' dir='ltr'><strong>in</strong></span> <span class='ocrx_word' id='word_1_520' title='bbox 2637 1679 2736 1734; x_wconf 91' lang='lat' dir='ltr'><strong>ista</strong></span> <span class='ocrx_word' id='word_1_521' title='bbox 2766 1679 2873 1733; x_wconf 89' lang='lat' dir='ltr'><strong>vita</strong></span> <span class='ocrx_word' id='word_1_522' title='bbox 2895 1675 3128 1746; x_wconf 78' lang='lat' dir='ltr'><strong>videret,</strong></span> <span class='ocrx_word' id='word_1_523' title='bbox 3163 1675 3302 1735; x_wconf 80' lang='lat' dir='ltr'><strong>sicut</strong></span> <span class='ocrx_word' id='word_1_524' title='bbox 3337 1681 3505 1736; x_wconf 91' lang='lat' dir='ltr'><strong>sancti</strong></span> <span class='ocrx_word' id='word_1_525' title='bbox 3539 1690 3643 1751; x_wconf 89' lang='lat' dir='ltr'><strong>post</strong></span> <span class='ocrx_word' id='word_1_526' title='bbox 3673 1679 3767 1736; x_wconf 81' lang='lat' dir='ltr'><strong>hanc</strong></span> 
     </span>
    </p>
   </div>
   <div class='ocr_carea' id='block_1_68' title="bbox 2250 1747 2712 1804">
    <p class='ocr_par' dir='ltr' id='par_1_68' title="bbox 2250 1747 2712 1804">
     <span class='ocr_line' id='line_1_71' title="bbox 2250 1747 2712 1804; baseline -0.002 -3"><span class='ocrx_word' id='word_1_527' title='bbox 2250 1747 2412 1802; x_wconf 89' lang='lat' dir='ltr'><strong>vitam</strong></span> <span class='ocrx_word' id='word_1_528' title='bbox 2439 1747 2712 1804; x_wconf 88' lang='lat' dir='ltr'><strong>videbunt.</strong></span> 
     </span>
    </p>
   </div>
   <div class='ocr_carea' id='block_1_69' title="bbox 2318 1817 3766 1892">
    <p class='ocr_par' dir='ltr' id='par_1_69' title="bbox 2318 1817 3766 1892">
     <span class='ocr_line' id='line_1_72' title="bbox 2318 1817 3766 1892; baseline 0.002 -20"><span class='ocrx_word' id='word_1_529' title='bbox 2318 1817 2535 1892; x_wconf 53' lang='lat' dir='ltr'><strong>Quicsr.</strong></span> <span class='ocrx_word' id='word_1_530' title='bbox 2573 1818 2774 1892; x_wconf 78' lang='lat' dir='ltr'><strong>LXlV.</strong></span> <span class='ocrx_word' id='word_1_531' title='bbox 2801 1819 2941 1888; x_wconf 86' lang='lat' dir='ltr'><strong>Quot</strong></span> <span class='ocrx_word' id='word_1_532' title='bbox 2972 1836 3168 1891; x_wconf 88' lang='lat' dir='ltr'><strong>genera</strong></span> <span class='ocrx_word' id='word_1_533' title='bbox 3195 1829 3324 1876; x_wconf 91' lang='lat' dir='ltr'><strong>sunt</strong></span> <span class='ocrx_word' id='word_1_534' title='bbox 3352 1822 3689 1892; x_wconf 85' lang='lat' dir='ltr'><strong>Apostolatus,</strong></span> <span class='ocrx_word' id='word_1_535' title='bbox 3713 1822 3766 1876; x_wconf 76' lang='lat' dir='ltr'><strong>vel</strong></span> 
     </span>
    </p>
   </div>
   <div class='ocr_carea' id='block_1_70' title="bbox 2248 1889 3579 1963">
    <p class='ocr_par' dir='ltr' id='par_1_70' title="bbox 2248 1889 3579 1963">
     <span class='ocr_line' id='line_1_73' title="bbox 2248 1889 3579 1963; baseline 0.006 -22"><span class='ocrx_word' id='word_1_536' title='bbox 2248 1889 2403 1963; x_wconf 68' lang='lat' dir='ltr'><strong>quale</strong></span> <span class='ocrx_word' id='word_1_537' title='bbox 2431 1905 2624 1963; x_wconf 82' lang='lat' dir='ltr'><strong>nomen</strong></span> <span class='ocrx_word' id='word_1_538' title='bbox 2655 1889 2728 1963; x_wconf 83' lang='lat' dir='ltr'><strong>sit</strong></span> <span class='ocrx_word' id='word_1_539' title='bbox 2750 1889 3068 1963; x_wconf 83' lang='lat' dir='ltr'><strong>Apostolus,</strong></span> <span class='ocrx_word' id='word_1_540' title='bbox 3099 1889 3579 1963; x_wconf 20' lang='lat' dir='ltr'><strong>voloicognoscere.</strong></span> 
     </span>
    </p>
   </div>
   <div class='ocr_carea' id='block_1_71' title="bbox 2320 1959 3763 2035">
    <p class='ocr_par' dir='ltr' id='par_1_71' title="bbox 2320 1959 3763 2035">
     <span class='ocr_line' id='line_1_74' title="bbox 2320 1959 3763 2035; baseline 0.004 -23"><span class='ocrx_word' id='word_1_541' title='bbox 2320 1959 2480 2013; x_wconf 66' lang='lat' dir='ltr'><strong>ltesn.</strong></span> <span class='ocrx_word' id='word_1_542' title='bbox 2508 1959 2814 2030; x_wconf 76' lang='lat' dir='ltr'><strong>Apostolus</strong></span> <span class='ocrx_word' id='word_1_543' title='bbox 2827 1962 3204 2035; x_wconf 67' lang='lat' dir='ltr'><strong>interpretatur</strong></span> <span class='ocrx_word' id='word_1_544' title='bbox 3225 1959 3438 2019; x_wconf 76' lang='lat' dir='ltr'><strong>Missus.</strong></span> <span class='ocrx_word' id='word_1_545' title='bbox 3465 1964 3763 2035; x_wconf 70' lang='lat' dir='ltr'><strong>Apostolorum</strong></span> 
     </span>
    </p>
   </div>
   <div class='ocr_carea' id='block_1_72' title="bbox 2247 2032 3763 2103">
    <p class='ocr_par' dir='ltr' id='par_1_72' title="bbox 2247 2032 3763 2103">
     <span class='ocr_line' id='line_1_75' title="bbox 2247 2032 3763 2103; baseline 0.005 -21"><span class='ocrx_word' id='word_1_546' title='bbox 2247 2039 2370 2103; x_wconf 67' lang='lat' dir='ltr'><strong>sunt</strong></span> <span class='ocrx_word' id='word_1_547' title='bbox 2411 2046 2605 2103; x_wconf 83' lang='lat' dir='ltr'><strong>genera</strong></span> <span class='ocrx_word' id='word_1_548' title='bbox 2642 2040 2869 2102; x_wconf 88' lang='lat' dir='ltr'><strong>quatuor</strong></span> <span class='ocrx_word' id='word_1_549' title='bbox 2898 2050 2911 2086; x_wconf 91' lang='lat'><strong>:</strong></span> <span class='ocrx_word' id='word_1_550' title='bbox 2943 2047 2974 2086; x_wconf 87' lang='lat' dir='ltr'><strong>a</strong></span> <span class='ocrx_word' id='word_1_551' title='bbox 3002 2032 3146 2099; x_wconf 91' lang='lat' dir='ltr'><strong>Deo,</strong></span> <span class='ocrx_word' id='word_1_552' title='bbox 3177 2047 3286 2088; x_wconf 91' lang='lat' dir='ltr'><strong>non</strong></span> <span class='ocrx_word' id='word_1_553' title='bbox 3325 2049 3422 2103; x_wconf 89' lang='lat' dir='ltr'><strong>per</strong></span> <span class='ocrx_word' id='word_1_554' title='bbox 3461 2032 3718 2098; x_wconf 81' lang='lat' dir='ltr'><strong>hominem;</strong></span> <span class='ocrx_word' id='word_1_555' title='bbox 3745 2051 3763 2088; x_wconf 74' lang='grc' dir='ltr'>ε</span> 
     </span>
    </p>
   </div>
   <div class='ocr_carea' id='block_1_73' title="bbox 2247 2099 3763 2172">
    <p class='ocr_par' dir='ltr' id='par_1_73' title="bbox 2247 2099 3763 2172">
     <span class='ocr_line' id='line_1_76' title="bbox 2247 2099 3763 2172; baseline 0.004 -19"><span class='ocrx_word' id='word_1_556' title='bbox 2247 2099 2380 2167; x_wconf 86' lang='lat' dir='ltr'><strong>Deo,</strong></span> <span class='ocrx_word' id='word_1_557' title='bbox 2413 2099 2506 2156; x_wconf 84' lang='lat' dir='ltr'><strong>sed</strong></span> <span class='ocrx_word' id='word_1_558' title='bbox 2537 2117 2633 2172; x_wconf 89' lang='lat' dir='ltr'><strong>per</strong></span> <span class='ocrx_word' id='word_1_559' title='bbox 2660 2099 2964 2168; x_wconf 80' lang='lat' dir='ltr'><strong>hominem;</strong></span> <span class='ocrx_word' id='word_1_560' title='bbox 2998 2119 3093 2172; x_wconf 89' lang='lat' dir='ltr'><strong>per</strong></span> <span class='ocrx_word' id='word_1_561' title='bbox 3123 2099 3399 2160; x_wconf 79' lang='lat' dir='ltr'><strong>hominem</strong></span> <span class='ocrx_word' id='word_1_562' title='bbox 3425 2113 3640 2171; x_wconf 87' lang='lat' dir='ltr'><strong>tantum;</strong></span> <span class='ocrx_word' id='word_1_563' title='bbox 3665 2114 3705 2160; x_wconf 89' lang='lat' dir='ltr'><strong>et</strong></span> <span class='ocrx_word' id='word_1_564' title='bbox 3722 2122 3763 2159; x_wconf 78' lang='lat' dir='ltr'><strong>ex</strong></span> 
     </span>
    </p>
   </div>
   <div class='ocr_carea' id='block_1_74' title="bbox 2247 2173 3764 2247">
    <p class='ocr_par' dir='ltr' id='par_1_74' title="bbox 2247 2173 3764 2247">
     <span class='ocr_line' id='line_1_77' title="bbox 2247 2173 3764 2247; baseline 0.003 -23"><span class='ocrx_word' id='word_1_565' title='bbox 2247 2185 2327 2247; x_wconf 75' lang='lat' dir='ltr'><strong>se.</strong></span> <span class='ocrx_word' id='word_1_566' title='bbox 2371 2173 2415 2247; x_wconf 78' lang='grc' dir='ltr'>ᾼ</span> <span class='ocrx_word' id='word_1_567' title='bbox 2451 2173 2561 2227; x_wconf 91' lang='lat' dir='ltr'><strong>Deo</strong></span> <span class='ocrx_word' id='word_1_568' title='bbox 2590 2175 2801 2247; x_wconf 90' lang='lat' dir='ltr'><strong>_eten_im</strong></span> <span class='ocrx_word' id='word_1_569' title='bbox 2845 2174 3041 2247; x_wconf 67' lang='lat' dir='ltr'><strong>missus</strong></span> <span class='ocrx_word' id='word_1_570' title='bbox 3073 2183 3165 2247; x_wconf 77' lang='lat' dir='ltr'><strong>cst</strong></span> <span class='ocrx_word' id='word_1_571' title='bbox 3191 2174 3425 2247; x_wconf 75' lang='lat' dir='ltr'><strong>Moyses.</strong></span> <span class='ocrx_word' id='word_1_572' title='bbox 3454 2178 3498 2230; x_wconf 87' lang='lat' dir='ltr'><strong>A</strong></span> <span class='ocrx_word' id='word_1_573' title='bbox 3527 2177 3622 2230; x_wconf 88' lang='lat' dir='ltr'><strong>Deo</strong></span> <span class='ocrx_word' id='word_1_574' title='bbox 3643 2184 3686 2230; x_wconf 88' lang='lat' dir='ltr'><strong>et</strong></span> <span class='ocrx_word' id='word_1_575' title='bbox 3705 2190 3764 2247; x_wconf 78' lang='lat' dir='ltr'><strong>per</strong></span> 
     </span>
    </p>
   </div>
   <div class='ocr_carea' id='block_1_75' title="bbox 2247 2239 3764 2311">
    <p class='ocr_par' dir='ltr' id='par_1_75' title="bbox 2247 2239 3764 2311">
     <span class='ocr_line' id='line_1_78' title="bbox 2247 2239 3764 2311; baseline 0.004 -17"><span class='ocrx_word' id='word_1_576' title='bbox 2247 2239 2538 2307; x_wconf 90' lang='lat' dir='ltr'><strong>hominem,</strong></span> <span class='ocrx_word' id='word_1_577' title='bbox 2560 2243 2693 2298; x_wconf 90' lang='lat' dir='ltr'><strong>sicut</strong></span> <span class='ocrx_word' id='word_1_578' title='bbox 2712 2243 2866 2299; x_wconf 89' lang='lat' dir='ltr'><strong>Jesus</strong></span> <span class='ocrx_word' id='word_1_579' title='bbox 2886 2242 3049 2298; x_wconf 75' lang='lat' dir='ltr'><strong>Nave.</strong></span> <span class='ocrx_word' id='word_1_580' title='bbox 3073 2245 3175 2300; x_wconf 91' lang='lat' dir='ltr'><strong>Per</strong></span> <span class='ocrx_word' id='word_1_581' title='bbox 3196 2239 3470 2300; x_wconf 82' lang='lat' dir='ltr'><strong>hominem</strong></span> <span class='ocrx_word' id='word_1_582' title='bbox 3491 2254 3681 2311; x_wconf 87' lang='lat' dir='ltr'><strong>tantum,</strong></span> <span class='ocrx_word' id='word_1_583' title='bbox 3698 2239 3764 2300; x_wconf 47' lang='lat' dir='ltr'><strong>sic.</strong></span> 
     </span>
    </p>
   </div>
   <div class='ocr_carea' id='block_1_76' title="bbox 2247 2314 3762 2397">
    <p class='ocr_par' dir='ltr' id='par_1_76' title="bbox 2247 2314 3762 2397">
     <span class='ocr_line' id='line_1_79' title="bbox 2247 2314 3762 2397; baseline 0.003 -33"><span class='ocrx_word' id='word_1_584' title='bbox 2247 2319 2307 2397; x_wconf 74' lang='lat' dir='ltr'><strong>ut</strong></span> <span class='ocrx_word' id='word_1_585' title='bbox 2331 2314 2529 2397; x_wconf 70' lang='lat' dir='ltr'><strong>nostris</strong></span> <span class='ocrx_word' id='word_1_586' title='bbox 2556 2314 2884 2397; x_wconf 83' lang='lat' dir='ltr'><strong>temporibus</strong></span> <span class='ocrx_word' id='word_1_587' title='bbox 2905 2315 3067 2397; x_wconf 50' lang='lat' dir='ltr'><strong>inulti</strong></span> <span class='ocrx_word' id='word_1_588' title='bbox 3095 2316 3278 2372; x_wconf 79' lang='lat' dir='ltr'><strong>favore</strong></span> <span class='ocrx_word' id='word_1_589' title='bbox 3317 2317 3458 2397; x_wconf 84' lang='lat' dir='ltr'><strong>vulgi</strong></span> <span class='ocrx_word' id='word_1_590' title='bbox 3497 2319 3546 2397; x_wconf 89' lang='lat' dir='ltr'><strong>in</strong></span> <span class='ocrx_word' id='word_1_591' title='bbox 3578 2316 3762 2396; x_wconf 49' lang='lat' dir='ltr'><strong>sacculo:</strong></span> 
     </span>
    </p>
   </div>
   <div class='ocr_carea' id='block_1_77' title="bbox 2247 2383 3763 2456">
    <p class='ocr_par' dir='ltr' id='par_1_77' title="bbox 2247 2383 3763 2456">
     <span class='ocr_line' id='line_1_80' title="bbox 2247 2383 3763 2456; baseline 0.003 -21"><span class='ocrx_word' id='word_1_592' title='bbox 2247 2383 2378 2436; x_wconf 91' lang='lat' dir='ltr'><strong>tium</strong></span> <span class='ocrx_word' id='word_1_593' title='bbox 2398 2383 2676 2456; x_wconf 84' lang='lat' dir='ltr'><strong>_subrogati</strong></span> <span class='ocrx_word' id='word_1_594' title='bbox 2717 2394 2859 2440; x_wconf 91' lang='lat' dir='ltr'><strong>sunt.</strong></span> <span class='ocrx_word' id='word_1_595' title='bbox 2903 2385 2986 2443; x_wconf 80' lang='lat' dir='ltr'><strong>Ex</strong></span> <span class='ocrx_word' id='word_1_596' title='bbox 3032 2400 3090 2442; x_wconf 87' lang='lat' dir='ltr'><strong>se</strong></span> <span class='ocrx_word' id='word_1_597' title='bbox 3132 2397 3352 2456; x_wconf 88' lang='lat' dir='ltr'><strong>autem,</strong></span> <span class='ocrx_word' id='word_1_598' title='bbox 3399 2383 3530 2443; x_wconf 72' lang='lat' dir='ltr'><strong>sicut</strong></span> <span class='ocrx_word' id='word_1_599' title='bbox 3568 2396 3670 2442; x_wconf 91' lang='lat' dir='ltr'><strong>sunt</strong></span> <span class='ocrx_word' id='word_1_600' title='bbox 3700 2386 3763 2456; x_wconf 86' lang='lat' dir='ltr'><strong>ipsi</strong></span> 
     </span>
    </p>
   </div>
   <div class='ocr_carea' id='block_1_78' title="bbox 2247 2453 2745 2524">
    <p class='ocr_par' dir='ltr' id='par_1_78' title="bbox 2247 2453 2745 2524">
     <span class='ocr_line' id='line_1_81' title="bbox 2247 2453 2745 2524; baseline 0.002 -17"><span class='ocrx_word' id='word_1_601' title='bbox 2247 2453 2745 2524; x_wconf 66' lang='lat' dir='ltr'><strong>pseudoprophetae.</strong></span> 
     </span>
    </p>
   </div>
   <div class='ocr_carea' id='block_1_79' title="bbox 2317 2525 3762 2650">
    <p class='ocr_par' dir='ltr' id='par_1_79' title="bbox 2317 2525 3762 2650">
     <span class='ocr_line' id='line_1_82' title="bbox 2317 2525 3762 2650; baseline 0.002 -72"><span class='ocrx_word' id='word_1_602' title='bbox 2317 2525 2531 2650; x_wconf 44' lang='lat' dir='ltr'><strong>gnaro.</strong></span> <span class='ocrx_word' id='word_1_603' title='bbox 2546 2525 2714 2649; x_wconf 46' lang='grc' dir='ltr'><strong>μιν.</strong></span> <span class='ocrx_word' id='word_1_604' title='bbox 2747 2526 3026 2595; x_wconf 90' lang='lat' dir='ltr'><strong>Quomodo</strong></span> <span class='ocrx_word' id='word_1_605' title='bbox 3063 2543 3353 2599; x_wconf 88' lang='lat' dir='ltr'><strong>possumus</strong></span> <span class='ocrx_word' id='word_1_606' title='bbox 3378 2529 3513 2586; x_wconf 88' lang='lat' dir='ltr'><strong>scire</strong></span> <span class='ocrx_word' id='word_1_607' title='bbox 3536 2530 3612 2600; x_wconf 91' lang='lat' dir='ltr'><strong>qui</strong></span> <span class='ocrx_word' id='word_1_608' title='bbox 3636 2528 3762 2584; x_wconf 76' lang='lat' dir='ltr'><strong>mitta-</strong></span> 
     </span>
    </p>
   </div>
   <div class='ocr_carea' id='block_1_80' title="bbox 2248 2603 3009 2651">
    <p class='ocr_par' dir='ltr' id='par_1_80' title="bbox 2248 2603 3009 2651">
     <span class='ocr_line' id='line_1_83' title="bbox 2248 2603 3009 2651; baseline -0.001 -1"><span class='ocrx_word' id='word_1_609' title='bbox 2248 2603 2336 2650; x_wconf 67' lang='lat' dir='ltr'><strong>llIl‘</strong></span> <span class='ocrx_word' id='word_1_610' title='bbox 2361 2609 2393 2649; x_wconf 86' lang='lat' dir='ltr'><strong>a</strong></span> <span class='ocrx_word' id='word_1_611' title='bbox 2423 2603 2530 2651; x_wconf 77' lang='lat' dir='ltr'><strong>D80</strong></span> <span class='ocrx_word' id='word_1_612' title='bbox 2546 2603 2569 2649; x_wconf 71' lang='grc' dir='ltr'>Τ</span> <span class='ocrx_word' id='word_1_613' title='bbox 3005 2637 3009 2642; x_wconf 88' lang='grc'><strong><em>-</em></strong></span> 
     </span>
    </p>
   </div>
   <div class='ocr_carea' id='block_1_81' title="bbox 2318 2665 3762 2740">
    <p class='ocr_par' dir='ltr' id='par_1_81' title="bbox 2318 2665 3762 2740">
     <span class='ocr_line' id='line_1_84' title="bbox 2318 2665 3762 2740; baseline 0.001 -21"><span class='ocrx_word' id='word_1_614' title='bbox 2318 2665 2479 2720; x_wconf 76' lang='lat' dir='ltr'><strong>Bssr.</strong></span> <span class='ocrx_word' id='word_1_615' title='bbox 2514 2666 2664 2740; x_wconf 81' lang='lat' dir='ltr'><strong>lllum</strong></span> <span class='ocrx_word' id='word_1_616' title='bbox 2696 2681 2985 2740; x_wconf 83' lang='lat' dir='ltr'><strong>cognosce</strong></span> <span class='ocrx_word' id='word_1_617' title='bbox 3014 2670 3237 2725; x_wconf 91' lang='lat' dir='ltr'><strong>missum</strong></span> <span class='ocrx_word' id='word_1_618' title='bbox 3283 2687 3313 2726; x_wconf 89' lang='lat' dir='ltr'><strong>a</strong></span> <span class='ocrx_word' id='word_1_619' title='bbox 3354 2671 3494 2738; x_wconf 89' lang='lat' dir='ltr'><strong>Deo,</strong></span> <span class='ocrx_word' id='word_1_620' title='bbox 3528 2685 3662 2740; x_wconf 87' lang='lat' dir='ltr'><strong>quem</strong></span> <span class='ocrx_word' id='word_1_621' title='bbox 3695 2683 3762 2724; x_wconf 89' lang='lat' dir='ltr'><strong>non</strong></span> 
     </span>
    </p>
   </div>
   <div class='ocr_carea' id='block_1_82' title="bbox 2246 2737 3762 2812">
    <p class='ocr_par' dir='ltr' id='par_1_82' title="bbox 2246 2737 3762 2812">
     <span class='ocr_line' id='line_1_85' title="bbox 2246 2737 3762 2812; baseline 0.001 -22"><span class='ocrx_word' id='word_1_622' title='bbox 2246 2737 2836 2812; x_wconf 77' lang='lat' dir='ltr'><strong>paucorumhominuin</strong></span> <span class='ocrx_word' id='word_1_623' title='bbox 2869 2739 3101 2812; x_wconf 90' lang='lat' dir='ltr'><strong>laudatio</strong></span> <span class='ocrx_word' id='word_1_624' title='bbox 3142 2741 3233 2796; x_wconf 90' lang='lat' dir='ltr'><strong>vel</strong></span> <span class='ocrx_word' id='word_1_625' title='bbox 3274 2743 3454 2812; x_wconf 90' lang='lat' dir='ltr'><strong>potius</strong></span> <span class='ocrx_word' id='word_1_626' title='bbox 3484 2737 3682 2796; x_wconf 84' lang='lat' dir='ltr'><strong>adulatio</strong></span> <span class='ocrx_word' id='word_1_627' title='bbox 3703 2739 3762 2792; x_wconf 86' lang='lat' dir='ltr'><strong>eli-</strong></span> 
     </span>
    </p>
   </div>
   <div class='ocr_carea' id='block_1_83' title="bbox 2245 2806 3762 2885">
    <p class='ocr_par' dir='ltr' id='par_1_83' title="bbox 2245 2806 3762 2885">
     <span class='ocr_line' id='line_1_86' title="bbox 2245 2806 3762 2885; baseline 0.002 -26"><span class='ocrx_word' id='word_1_628' title='bbox 2245 2806 2355 2885; x_wconf 89' lang='lat' dir='ltr'><strong>git;</strong></span> <span class='ocrx_word' id='word_1_629' title='bbox 2385 2806 2479 2863; x_wconf 90' lang='lat' dir='ltr'><strong>sed</strong></span> <span class='ocrx_word' id='word_1_630' title='bbox 2501 2809 2649 2885; x_wconf 91' lang='lat' dir='ltr'><strong>il_l_um</strong></span> <span class='ocrx_word' id='word_1_631' title='bbox 2669 2824 2827 2878; x_wconf 88' lang='lat' dir='ltr'><strong>quem</strong></span> <span class='ocrx_word' id='word_1_632' title='bbox 2855 2817 2909 2864; x_wconf 91' lang='lat' dir='ltr'><strong>et</strong></span> <span class='ocrx_word' id='word_1_633' title='bbox 2925 2811 3036 2885; x_wconf 75' lang='lat' dir='ltr'><strong>vita</strong></span> <span class='ocrx_word' id='word_1_634' title='bbox 3063 2821 3117 2866; x_wconf 87' lang='lat' dir='ltr'><strong>ct</strong></span> <span class='ocrx_word' id='word_1_635' title='bbox 3139 2806 3323 2885; x_wconf 77' lang='lat' dir='ltr'><strong>mores</strong></span> <span class='ocrx_word' id='word_1_636' title='bbox 3350 2813 3529 2885; x_wconf 89' lang='lat' dir='ltr'><strong>optimi</strong></span> <span class='ocrx_word' id='word_1_637' title='bbox 3551 2819 3762 2885; x_wconf 79' lang='lat' dir='ltr'><strong>exornant,</strong></span> 
     </span>
    </p>
   </div>
   <div class='ocr_carea' id='block_1_84' title="bbox 2245 2880 3835 2952">
    <p class='ocr_par' dir='ltr' id='par_1_84' title="bbox 2245 2880 3835 2952">
     <span class='ocr_line' id='line_1_87' title="bbox 2245 2880 3835 2952; baseline 0.001 -21"><span class='ocrx_word' id='word_1_638' title='bbox 2245 2884 2300 2931; x_wconf 90' lang='lat' dir='ltr'><strong>et</strong></span> <span class='ocrx_word' id='word_1_639' title='bbox 2323 2880 2746 2952; x_wconf 30' lang='lat' dir='ltr'><strong>‘apostolicorum</strong></span> <span class='ocrx_word' id='word_1_640' title='bbox 2785 2882 3022 2952; x_wconf 72' lang='lat' dir='ltr'><strong>exagio‘</strong></span> <span class='ocrx_word' id='word_1_641' title='bbox 3045 2880 3422 2948; x_wconf 49' lang='lat' dir='ltr'><strong>sacerdotum]</strong></span> <span class='ocrx_word' id='word_1_642' title='bbox 3453 2883 3530 2938; x_wconf 89' lang='lat' dir='ltr'><strong>vel</strong></span> <span class='ocrx_word' id='word_1_643' title='bbox 3553 2885 3684 2938; x_wconf 90' lang='lat' dir='ltr'><strong>etiam</strong></span> <span class='ocrx_word' id='word_1_644' title='bbox 3705 2883 3762 2950; x_wconf 85' lang='lat' dir='ltr'><strong>qui</strong></span> <span class='ocrx_word' id='word_1_645' title='bbox 3833 2880 3835 2952; x_wconf 47' lang='grc' dir='ltr'><strong><em>ξ</em></strong></span> 
     </span>
    </p>
   </div>
   <div class='ocr_carea' id='block_1_85' title="bbox 2244 2947 3835 3080">
    <p class='ocr_par' dir='ltr' id='par_1_85' title="bbox 2244 2947 3835 3080">
     <span class='ocr_line' id='line_1_88' title="bbox 2244 2947 3835 3080; baseline 0.001 -80"><span class='ocrx_word' id='word_1_646' title='bbox 2244 2947 2614 3030; x_wconf 81' lang='lat' dir='ltr'><strong>universorum</strong></span> <span class='ocrx_word' id='word_1_647' title='bbox 2636 2947 2955 3033; x_wconf 64' lang='lat' dir='ltr'><strong>populorum</strong></span> <span class='ocrx_word' id='word_1_648' title='bbox 2975 2950 3174 3023; x_wconf 89' lang='lat' dir='ltr'><strong>judicio</strong></span> <span class='ocrx_word' id='word_1_649' title='bbox 3195 2955 3568 3080; x_wconf 61' lang='lat' dir='ltr'><strong>comJirobatur</strong></span> <span class='ocrx_word' id='word_1_650' title='bbox 3584 2971 3596 3007; x_wconf 88' lang='lat'><strong>:</strong></span> <span class='ocrx_word' id='word_1_651' title='bbox 3613 2953 3682 3022; x_wconf 92' lang='lat' dir='ltr'><strong>qui</strong></span> <span class='ocrx_word' id='word_1_652' title='bbox 3695 2947 3761 3003; x_wconf 79' lang='lat' dir='ltr'><strong>non</strong></span> 
     </span>
     <span class='ocr_line' id='line_1_89' title="bbox 2244 3023 3835 3080; baseline 0.006 -9"><span class='ocrx_word' id='word_1_653' title='bbox 2244 3027 2448 3080; x_wconf 82' lang='lat' dir='ltr'><strong>appetit</strong></span> <span class='ocrx_word' id='word_1_654' title='bbox 2474 3035 2724 3080; x_wconf 78' lang='lat' dir='ltr'><strong>praeesse.</strong></span> <span class='ocrx_word' id='word_1_655' title='bbox 2750 3037 2839 3080; x_wconf 83' lang='grc' dir='ltr'><strong>(ιιιι</strong></span> <span class='ocrx_word' id='word_1_656' title='bbox 2864 3037 2968 3077; x_wconf 82' lang='lat' dir='ltr'><strong>non</strong></span> <span class='ocrx_word' id='word_1_657' title='bbox 2995 3023 3277 3080; x_wconf 78' lang='lat' dir='ltr'><strong>pecuniam</strong></span> <span class='ocrx_word' id='word_1_658' title='bbox 3345 3034 3400 3079; x_wconf 86' lang='lat' dir='ltr'><strong>at</strong></span> <span class='ocrx_word' id='word_1_659' title='bbox 3426 3033 3483 3080; x_wconf 94' lang='lat' dir='ltr'><strong>ut</strong></span> <span class='ocrx_word' id='word_1_660' title='bbox 3501 3025 3761 3080; x_wconf 76' lang='lat' dir='ltr'><strong>eniscomtus</strong></span> <span class='ocrx_word' id='word_1_661' title='bbox 3833 3041 3835 3080; x_wconf 70' lang='grc'><strong><em>4</em></strong></span> 
     </span>
    </p>
   </div>
   <div class='ocr_carea' id='block_1_86' title="bbox 2244 3022 3761 3094">
    <p class='ocr_par' dir='ltr' id='par_1_86' title="bbox 2244 3022 3761 3094">
     <span class='ocr_line' id='line_1_90' title="bbox 2244 3022 3761 3094; baseline 0.001 -22"><span class='ocrx_word' id='word_1_662' title='bbox 2244 3023 2448 3094; x_wconf 76' lang='lat' dir='ltr'><strong>appetit</strong></span> <span class='ocrx_word' id='word_1_663' title='bbox 2474 3035 2724 3094; x_wconf 78' lang='lat' dir='ltr'><strong>praeesse,</strong></span> <span class='ocrx_word' id='word_1_664' title='bbox 2750 3022 2850 3094; x_wconf 83' lang='lat' dir='ltr'><strong>qui</strong></span> <span class='ocrx_word' id='word_1_665' title='bbox 2863 3022 3277 3094; x_wconf 49' lang='lat' dir='ltr'><strong>non&#39;pecuniam</strong></span> <span class='ocrx_word' id='word_1_666' title='bbox 3306 3022 3400 3080; x_wconf 86' lang='lat' dir='ltr'><strong>dat</strong></span> <span class='ocrx_word' id='word_1_667' title='bbox 3426 3033 3483 3080; x_wconf 94' lang='lat' dir='ltr'><strong>ut</strong></span> <span class='ocrx_word' id='word_1_668' title='bbox 3501 3025 3761 3094; x_wconf 76' lang='lat' dir='ltr'><strong>episcopatus</strong></span> 
     </span>
    </p>
   </div>
   <div class='ocr_carea' id='block_1_87' title="bbox 2245 3087 3835 3166">
    <p class='ocr_par' dir='ltr' id='par_1_87' title="bbox 2245 3087 3835 3166">
     <span class='ocr_line' id='line_1_91' title="bbox 2245 3087 3835 3166; baseline 0.001 -25"><span class='ocrx_word' id='word_1_669' title='bbox 2245 3087 2502 3166; x_wconf 80' lang='lat' dir='ltr'><strong>honorem</strong></span> <span class='ocrx_word' id='word_1_670' title='bbox 2533 3087 2792 3166; x_wconf 57' lang='lat' dir='ltr'><strong>acquirat}</strong></span> <span class='ocrx_word' id='word_1_671' title='bbox 2832 3091 2965 3148; x_wconf 90' lang='lat' dir='ltr'><strong>Nam</strong></span> <span class='ocrx_word' id='word_1_672' title='bbox 2995 3087 3062 3149; x_wconf 83' lang='lat' dir='ltr'><strong>dc</strong></span> <span class='ocrx_word' id='word_1_673' title='bbox 3094 3110 3159 3150; x_wconf 91' lang='lat' dir='ltr'><strong>eo</strong></span> <span class='ocrx_word' id='word_1_674' title='bbox 3195 3097 3290 3165; x_wconf 91' lang='lat' dir='ltr'><strong>qui</strong></span> <span class='ocrx_word' id='word_1_675' title='bbox 3332 3087 3558 3166; x_wconf 75' lang='lat' dir='ltr'><strong>praeesse</strong></span> <span class='ocrx_word' id='word_1_676' title='bbox 3590 3087 3761 3166; x_wconf 64' lang='lat' dir='ltr'><strong>fesiinat,</strong></span> <span class='ocrx_word' id='word_1_677' title='bbox 3834 3087 3835 3166; x_wconf 49' lang='grc' dir='ltr'>ξ</span> 
     </span>
    </p>
   </div>
   <div class='ocr_carea' id='block_1_88' title="bbox 2244 3159 3835 3240">
    <p class='ocr_par' dir='ltr' id='par_1_88' title="bbox 2244 3159 3835 3240">
     <span class='ocr_line' id='line_1_92' title="bbox 2244 3159 3835 3240; baseline 0.003 -28"><span class='ocrx_word' id='word_1_678' title='bbox 2244 3159 2457 3228; x_wconf 89' lang='lat' dir='ltr'><strong>quidam</strong></span> <span class='ocrx_word' id='word_1_679' title='bbox 2492 3159 2698 3240; x_wconf 77' lang='lat' dir='ltr'><strong>patrum</strong></span> <span class='ocrx_word' id='word_1_680' title='bbox 2743 3163 3014 3240; x_wconf 85' lang='lat' dir='ltr'><strong>eleganter</strong></span> <span class='ocrx_word' id='word_1_681' title='bbox 3051 3159 3539 3240; x_wconf 34' lang='lat' dir='ltr'><strong>expressitfdicens</strong></span> <span class='ocrx_word' id='word_1_682' title='bbox 3565 3183 3576 3218; x_wconf 89' lang='lat'><strong>:</strong></span> <span class='ocrx_word' id='word_1_683' title='bbox 3604 3164 3763 3240; x_wconf 63' lang='lat' dir='ltr'><strong>Sciatis</strong></span> 
     </span>
    </p>
   </div>
   <div class='ocr_carea' id='block_1_89' title="bbox 2245 3233 3762 3309">
    <p class='ocr_par' dir='ltr' id='par_1_89' title="bbox 2245 3233 3762 3309">
     <span class='ocr_line' id='line_1_93' title="bbox 2245 3233 3762 3309; baseline 0.003 -26"><span class='ocrx_word' id='word_1_684' title='bbox 2245 3245 2348 3309; x_wconf 73' lang='lat' dir='ltr'><strong>non</strong></span> <span class='ocrx_word' id='word_1_685' title='bbox 2371 3246 2477 3309; x_wconf 78' lang='lat' dir='ltr'><strong>esse</strong></span> <span class='ocrx_word' id='word_1_686' title='bbox 2498 3233 2818 3309; x_wconf 46' lang='lat' dir='ltr'><strong>episcopum,</strong></span> <span class='ocrx_word' id='word_1_687' title='bbox 2838 3233 2930 3309; x_wconf 66' lang='lat' dir='ltr'><strong>qui</strong></span> <span class='ocrx_word' id='word_1_688' title='bbox 2951 3233 3174 3309; x_wconf 55' lang='lat' dir='ltr'><strong>praeesse</strong></span> <span class='ocrx_word' id='word_1_689' title='bbox 3191 3235 3578 3309; x_wconf 75' lang='lat' dir='ltr'><strong>desiderat,_non</strong></span> <span class='ocrx_word' id='word_1_690' title='bbox 3591 3234 3762 3309; x_wconf 66' lang='lat' dir='ltr'><strong>prodesse</strong></span> 
     </span>
    </p>
   </div>
   <div class='ocr_carea' id='block_1_90' title="bbox 2245 3298 3534 3379">
    <p class='ocr_par' dir='ltr' id='par_1_90' title="bbox 2245 3298 3534 3379">
     <span class='ocr_line' id='line_1_94' title="bbox 2245 3298 3534 3379; baseline 0.007 -26"><span class='ocrx_word' id='word_1_691' title='bbox 2245 3298 2594 3372; x_wconf 70' lang='lat' dir='ltr'><strong>(Augustinus,</strong></span> <span class='ocrx_word' id='word_1_692' title='bbox 2623 3298 2686 3358; x_wconf 79' lang='lat' dir='ltr'><strong>de</strong></span> <span class='ocrx_word' id='word_1_693' title='bbox 2710 3298 2863 3359; x_wconf 65' lang='lat' dir='ltr'><strong>Civit.</strong></span> <span class='ocrx_word' id='word_1_694' title='bbox 2890 3298 3005 3374; x_wconf 76' lang='lat' dir='ltr'><strong>Dei,</strong></span> <span class='ocrx_word' id='word_1_695' title='bbox 3039 3305 3126 3359; x_wconf 84' lang='lat' dir='ltr'><strong>lib.</strong></span> <span class='ocrx_word' id='word_1_696' title='bbox 3156 3305 3247 3374; x_wconf 74' lang='lat' dir='ltr'><strong>i9,</strong></span> <span class='ocrx_word' id='word_1_697' title='bbox 3280 3325 3398 3379; x_wconf 84' lang='lat' dir='ltr'><strong>cap.</strong></span> <span class='ocrx_word' id='word_1_698' title='bbox 3427 3298 3534 3378; x_wconf 63' lang='lat'><strong>{9).</strong></span> 
     </span>
    </p>
   </div>
   <div class='ocr_carea' id='block_1_91' title="bbox 2309 3520 3835 3598">
    <p class='ocr_par' dir='ltr' id='par_1_91' title="bbox 2309 3520 3835 3598">
     <span class='ocr_line' id='line_1_95' title="bbox 2309 3520 3835 3598; baseline 0.003 -24"><span class='ocrx_word' id='word_1_699' title='bbox 2309 3524 2487 3598; x_wconf 60' lang='lat' dir='ltr'><strong>fEditi,</strong></span> <span class='ocrx_word' id='word_1_700' title='bbox 2511 3523 2637 3598; x_wconf 69' lang='lat' dir='ltr'><strong>cctio</strong></span> <span class='ocrx_word' id='word_1_701' title='bbox 2660 3525 3155 3598; x_wconf 75' lang='lat' dir='ltr'><strong>conmwndat._AtMs.</strong></span> <span class='ocrx_word' id='word_1_702' title='bbox 3188 3528 3513 3598; x_wconf 76' lang='lat' dir='ltr'><strong>Corbeiensis,</strong></span> <span class='ocrx_word' id='word_1_703' title='bbox 3546 3520 3761 3590; x_wconf 57' lang='lat' dir='ltr'><strong>satagit)!”</strong></span> 
     </span>
    </p>
   </div>
   <div class='ocr_carea' id='block_1_92' title="bbox 2245 3587 3390 3649">
    <p class='ocr_par' dir='ltr' id='par_1_92' title="bbox 2245 3587 3390 3649">
     <span class='ocr_line' id='line_1_96' title="bbox 2245 3587 3390 3649; baseline 0.003 -13"><span class='ocrx_word' id='word_1_704' title='bbox 2245 3592 2340 3648; x_wconf 86' lang='lat' dir='ltr'><strong>est,</strong></span> <span class='ocrx_word' id='word_1_705' title='bbox 2365 3587 2592 3637; x_wconf 85' lang='lat' dir='ltr'><strong>examine</strong></span> <span class='ocrx_word' id='word_1_706' title='bbox 2604 3601 2619 3649; x_wconf 88' lang='lat'><strong>;</strong></span> <span class='ocrx_word' id='word_1_707' title='bbox 2645 3593 2697 3637; x_wconf 91' lang='lat' dir='ltr'><strong>et</strong></span> <span class='ocrx_word' id='word_1_708' title='bbox 2717 3596 2852 3639; x_wconf 88' lang='lat' dir='ltr'><strong>caret</strong></span> <span class='ocrx_word' id='word_1_709' title='bbox 2881 3589 3054 3649; x_wconf 89' lang='lat' dir='ltr'><strong>verbo,</strong></span> <span class='ocrx_word' id='word_1_710' title='bbox 3073 3591 3390 3640; x_wconf 86' lang='lat' dir='ltr'><strong>commendat.</strong></span> 
     </span>
    </p>
   </div>
   <div class='ocr_carea' id='block_1_93' title="bbox 3223 3721 3616 3732">
    <p class='ocr_par' dir='ltr' id='par_1_93' title="bbox 3223 3721 3616 3732">
     <span class='ocr_line' id='line_1_97' title="bbox 3223 3721 3616 3732; baseline 0.003 -1"><span class='ocrx_word' id='word_1_711' title='bbox 3223 3721 3616 3732; x_wconf 75' lang='lat'><strong>_—</strong></span> 
     </span>
    </p>
   </div>
   <div class='ocr_carea' id='block_1_94' title="bbox 549 3708 3703 3773">
    <p class='ocr_par' dir='ltr' id='par_1_94' title="bbox 549 3708 3703 3773">
     <span class='ocr_line' id='line_1_98' title="bbox 3223 3721 3616 3732; baseline 0.003 -1"><span class='ocrx_word' id='word_1_712' title='bbox 3223 3721 3616 3732; x_wconf 81' lang='lat' dir='ltr'><strong>—I_—</strong></span> 
     </span>
     <span class='ocr_line' id='line_1_99' title="bbox 549 3708 3703 3773; baseline 0.003 -16"><span class='ocrx_word' id='word_1_713' title='bbox 549 3708 3703 3773; x_wconf 35' lang='grc' dir='ltr'>Ε</span> 
     </span>
    </p>
   </div>
   <div class='ocr_carea' id='block_1_95' title="bbox 1651 3758 2699 3922">
    <p class='ocr_par' dir='ltr' id='par_1_95' title="bbox 1651 3758 2699 3922">
     <span class='ocr_line' id='line_1_100' title="bbox 1651 3758 2699 3922; baseline 0.007 -6"><span class='ocrx_word' id='word_1_714' title='bbox 1651 3758 2699 3922; x_wconf 59' lang='lat' dir='ltr'><strong>ﬁniam</strong></span> 
     </span>
    </p>
   </div>
   <div class='ocr_carea' id='block_1_96' title="bbox 1623 3971 2744 4049">
    <p class='ocr_par' dir='ltr' id='par_1_96' title="bbox 1623 3971 2744 4049">
     <span class='ocr_line' id='line_1_101' title="bbox 1623 3971 2744 4049; baseline 0.002 -15"><span class='ocrx_word' id='word_1_715' title='bbox 1623 3971 1708 4035; x_wconf 92' lang='lat' dir='ltr'><strong>IN</strong></span> <span class='ocrx_word' id='word_1_716' title='bbox 1751 3972 2379 4049; x_wconf 84' lang='lat' dir='ltr'><strong>SUBSEQUENTUM</strong></span> <span class='ocrx_word' id='word_1_717' title='bbox 2419 3976 2744 4044; x_wconf 82' lang='lat' dir='ltr'><strong>LIBRUM.</strong></span> 
     </span>
    </p>
   </div>
   <div class='ocr_carea' id='block_1_97' title="bbox 512 4093 3753 4193">
    <p class='ocr_par' dir='ltr' id='par_1_97' title="bbox 512 4093 3753 4193">
     <span class='ocr_line' id='line_1_102' title="bbox 512 4093 3753 4193; baseline -0 -23"><span class='ocrx_word' id='word_1_718' title='bbox 512 4093 516 4096; x_wconf 45' lang='grc'><em>’</em></span> <span class='ocrx_word' id='word_1_719' title='bbox 613 4111 778 4170; x_wconf 87' lang='lat' dir='ltr'><strong>Liber</strong></span> <span class='ocrx_word' id='word_1_720' title='bbox 803 4111 881 4169; x_wconf 86' lang='lat' dir='ltr'><strong>de.</strong></span> <span class='ocrx_word' id='word_1_721' title='bbox 896 4111 1030 4169; x_wconf 83' lang='lat' dir='ltr'><strong>Fide</strong></span> <span class='ocrx_word' id='word_1_722' title='bbox 1057 4110 1125 4168; x_wconf 88' lang='lat' dir='ltr'><strong>ad</strong></span> <span class='ocrx_word' id='word_1_723' title='bbox 1151 4111 1368 4169; x_wconf 90' lang='lat' dir='ltr'><strong>Petrum</strong></span> <span class='ocrx_word' id='word_1_724' title='bbox 1397 4112 1539 4170; x_wconf 91' lang='lat' dir='ltr'><strong>inter</strong></span> <span class='ocrx_word' id='word_1_725' title='bbox 1562 4113 1843 4186; x_wconf 87' lang='lat' dir='ltr'><strong>Augustini</strong></span> <span class='ocrx_word' id='word_1_726' title='bbox 1871 4130 2033 4187; x_wconf 89' lang='lat' dir='ltr'><strong>opera</strong></span> <span class='ocrx_word' id='word_1_727' title='bbox 2058 4116 2186 4172; x_wconf 92' lang='lat' dir='ltr'><strong>olim</strong></span> <span class='ocrx_word' id='word_1_728' title='bbox 2216 4115 2507 4189; x_wconf 88' lang='lat' dir='ltr'><strong>impressus</strong></span> <span class='ocrx_word' id='word_1_729' title='bbox 2533 4127 2619 4174; x_wconf 90' lang='lat' dir='ltr'><strong>est</strong></span> <span class='ocrx_word' id='word_1_730' title='bbox 2642 4126 2882 4175; x_wconf 87' lang='lat' dir='ltr'><strong>veterum</strong></span> <span class='ocrx_word' id='word_1_731' title='bbox 2910 4118 3112 4192; x_wconf 87' lang='lat' dir='ltr'><strong>aliquot</strong></span> <span class='ocrx_word' id='word_1_732' title='bbox 3135 4123 3600 4193; x_wconf 87' lang='lat' dir='ltr'><strong>manuscriptorum</strong></span> <span class='ocrx_word' id='word_1_733' title='bbox 3623 4125 3753 4173; x_wconf 81' lang='lat' dir='ltr'><strong>aucto-</strong></span> 
     </span>
    </p>
   </div>
   <div class='ocr_carea' id='block_1_98' title="bbox 541 4202 3750 4289">
    <p class='ocr_par' dir='ltr' id='par_1_98' title="bbox 541 4202 3750 4289">
     <span class='ocr_line' id='line_1_103' title="bbox 541 4202 3750 4289; baseline 0.004 -29"><span class='ocrx_word' id='word_1_734' title='bbox 541 4202 720 4270; x_wconf 87' lang='lat' dir='ltr'><strong>ritate,</strong></span> <span class='ocrx_word' id='word_1_735' title='bbox 748 4204 838 4275; x_wconf 90' lang='lat' dir='ltr'><strong>qui</strong></span> <span class='ocrx_word' id='word_1_736' title='bbox 861 4203 912 4259; x_wconf 91' lang='lat' dir='ltr'><strong>ei</strong></span> <span class='ocrx_word' id='word_1_737' title='bbox 936 4203 1227 4274; x_wconf 86' lang='lat' dir='ltr'><strong>assignant.</strong></span> <span class='ocrx_word' id='word_1_738' title='bbox 1254 4203 1457 4261; x_wconf 80' lang='lat' dir='ltr'><strong>Verum</strong></span> <span class='ocrx_word' id='word_1_739' title='bbox 1495 4221 1604 4262; x_wconf 92' lang='lat' dir='ltr'><strong>non</strong></span> <span class='ocrx_word' id='word_1_740' title='bbox 1641 4223 1763 4264; x_wconf 87' lang='lat' dir='ltr'><strong>esse</strong></span> <span class='ocrx_word' id='word_1_741' title='bbox 1807 4208 2085 4280; x_wconf 87' lang='lat' dir='ltr'><strong>Augustini</strong></span> <span class='ocrx_word' id='word_1_742' title='bbox 2125 4210 2288 4280; x_wconf 90' lang='lat' dir='ltr'><strong>probe</strong></span> <span class='ocrx_word' id='word_1_743' title='bbox 2332 4205 2648 4269; x_wconf 86' lang='lat' dir='ltr'><strong>monstravit</strong></span> <span class='ocrx_word' id='word_1_744' title='bbox 2682 4213 2938 4271; x_wconf 86' lang='lat' dir='ltr'><strong>Erasmus</strong></span> <span class='ocrx_word' id='word_1_745' title='bbox 2970 4230 3035 4272; x_wconf 88' lang='lat' dir='ltr'><strong>ex</strong></span> <span class='ocrx_word' id='word_1_746' title='bbox 3064 4217 3177 4288; x_wconf 88' lang='lat' dir='ltr'><strong>ipsa</strong></span> <span class='ocrx_word' id='word_1_747' title='bbox 3207 4218 3388 4289; x_wconf 87' lang='lat' dir='ltr'><strong>phrasi</strong></span> <span class='ocrx_word' id='word_1_748' title='bbox 3413 4219 3616 4288; x_wconf 89' lang='lat' dir='ltr'><strong>aliisque</strong></span> <span class='ocrx_word' id='word_1_749' title='bbox 3644 4225 3750 4280; x_wconf 71' lang='lat' dir='ltr'><strong>argu-</strong></span> 
     </span>
    </p>
   </div>
   <div class='ocr_carea' id='block_1_99' title="bbox 539 4293 3748 4380">
    <p class='ocr_par' dir='ltr' id='par_1_99' title="bbox 539 4293 3748 4380">
     <span class='ocr_line' id='line_1_104' title="bbox 539 4293 3748 4380; baseline 0.001 -28"><span class='ocrx_word' id='word_1_750' title='bbox 539 4295 760 4364; x_wconf 89' lang='lat' dir='ltr'><strong>mentls,</strong></span> <span class='ocrx_word' id='word_1_751' title='bbox 785 4310 905 4367; x_wconf 74' lang='lat' dir='ltr'><strong>quae</strong></span> <span class='ocrx_word' id='word_1_752' title='bbox 929 4293 1016 4350; x_wconf 87' lang='lat' dir='ltr'><strong>hic</strong></span> <span class='ocrx_word' id='word_1_753' title='bbox 1040 4293 1247 4352; x_wconf 87' lang='lat' dir='ltr'><strong>referre</strong></span> <span class='ocrx_word' id='word_1_754' title='bbox 1274 4295 1600 4367; x_wconf 83' lang='lat' dir='ltr'><strong>superﬂuum</strong></span> <span class='ocrx_word' id='word_1_755' title='bbox 1623 4307 1889 4369; x_wconf 86' lang='lat' dir='ltr'><strong>putamus.</strong></span> <span class='ocrx_word' id='word_1_756' title='bbox 1915 4300 2047 4358; x_wconf 85' lang='lat' dir='ltr'><strong>Nam</strong></span> <span class='ocrx_word' id='word_1_757' title='bbox 2074 4301 2400 4360; x_wconf 90' lang='lat' dir='ltr'><strong>indubitatus</strong></span> <span class='ocrx_word' id='word_1_758' title='bbox 2425 4303 2542 4376; x_wconf 89' lang='lat' dir='ltr'><strong>ejus</strong></span> <span class='ocrx_word' id='word_1_759' title='bbox 2566 4313 2752 4361; x_wconf 88' lang='lat' dir='ltr'><strong>auctor</strong></span> <span class='ocrx_word' id='word_1_760' title='bbox 2776 4321 2806 4360; x_wconf 91' lang='lat' dir='ltr'><strong>a</strong></span> <span class='ocrx_word' id='word_1_761' title='bbox 2831 4307 3046 4364; x_wconf 90' lang='lat' dir='ltr'><strong>nemine</strong></span> <span class='ocrx_word' id='word_1_762' title='bbox 3063 4307 3173 4380; x_wconf 88' lang='lat' dir='ltr'><strong>jam</strong></span> <span class='ocrx_word' id='word_1_763' title='bbox 3201 4309 3475 4380; x_wconf 89' lang='lat' dir='ltr'><strong>ignoratur</strong></span> <span class='ocrx_word' id='word_1_764' title='bbox 3497 4305 3748 4378; x_wconf 82' lang='lat' dir='ltr'><strong>Fulgentius.</strong></span> 
     </span>
    </p>
   </div>
   <div class='ocr_carea' id='block_1_100' title="bbox 537 4391 3746 4474">
    <p class='ocr_par' dir='ltr' id='par_1_100' title="bbox 537 4391 3746 4474">
     <span class='ocr_line' id='line_1_105' title="bbox 537 4391 3746 4474; baseline 0.002 -25"><span class='ocrx_word' id='word_1_765' title='bbox 537 4391 680 4450; x_wconf 81' lang='lat' dir='ltr'><strong>Huic</strong></span> <span class='ocrx_word' id='word_1_766' title='bbox 705 4399 854 4449; x_wconf 84' lang='lat' dir='ltr'><strong>certe</strong></span> <span class='ocrx_word' id='word_1_767' title='bbox 887 4391 1080 4447; x_wconf 89' lang='lat' dir='ltr'><strong>asserit</strong></span> <span class='ocrx_word' id='word_1_768' title='bbox 1115 4391 1376 4462; x_wconf 89' lang='lat' dir='ltr'><strong>scriptura</strong></span> <span class='ocrx_word' id='word_1_769' title='bbox 1403 4392 1768 4463; x_wconf 90' lang='lat' dir='ltr'><strong>antiquissima</strong></span> <span class='ocrx_word' id='word_1_770' title='bbox 1795 4395 1995 4451; x_wconf 91' lang='lat' dir='ltr'><strong>codicis</strong></span> <span class='ocrx_word' id='word_1_771' title='bbox 2021 4395 2362 4454; x_wconf 91' lang='lat' dir='ltr'><strong>Corbeiensis</strong></span> <span class='ocrx_word' id='word_1_772' title='bbox 2391 4407 2516 4454; x_wconf 88' lang='lat' dir='ltr'><strong>ante</strong></span> <span class='ocrx_word' id='word_1_773' title='bbox 2540 4399 2687 4456; x_wconf 92' lang='lat' dir='ltr'><strong>mille</strong></span> <span class='ocrx_word' id='word_1_774' title='bbox 2711 4414 2881 4457; x_wconf 89' lang='lat' dir='ltr'><strong>annos</strong></span> <span class='ocrx_word' id='word_1_775' title='bbox 2914 4403 3150 4469; x_wconf 83' lang='lat' dir='ltr'><strong>exarati,</strong></span> <span class='ocrx_word' id='word_1_776' title='bbox 3183 4404 3301 4474; x_wconf 67' lang='lat' dir='ltr'><strong>quae</strong></span> <span class='ocrx_word' id='word_1_777' title='bbox 3327 4404 3396 4460; x_wconf 93' lang='lat' dir='ltr'><strong>ad</strong></span> <span class='ocrx_word' id='word_1_778' title='bbox 3421 4403 3585 4474; x_wconf 89' lang='lat' dir='ltr'><strong>operis</strong></span> <span class='ocrx_word' id='word_1_779' title='bbox 3607 4399 3746 4455; x_wconf 82' lang='lat' dir='ltr'><strong>calcem</strong></span> 
     </span>
    </p>
   </div>
   <div class='ocr_carea' id='block_1_101' title="bbox 539 4481 3744 4563">
    <p class='ocr_par' dir='ltr' id='par_1_101' title="bbox 539 4481 3744 4563">
     <span class='ocr_line' id='line_1_106' title="bbox 539 4481 3744 4563; baseline 0.001 -21"><span class='ocrx_word' id='word_1_780' title='bbox 539 4485 826 4542; x_wconf 87' lang='lat' dir='ltr'><strong>exhibetur</strong></span> <span class='ocrx_word' id='word_1_781' title='bbox 851 4483 904 4539; x_wconf 91' lang='lat' dir='ltr'><strong>in</strong></span> <span class='ocrx_word' id='word_1_782' title='bbox 935 4483 1051 4538; x_wconf 78' lang='lat' dir='ltr'><strong>haec</strong></span> <span class='ocrx_word' id='word_1_783' title='bbox 1068 4483 1229 4538; x_wconf 90' lang='lat' dir='ltr'><strong>verba</strong></span> <span class='ocrx_word' id='word_1_784' title='bbox 1253 4498 1267 4536; x_wconf 90' lang='lat'><strong>:</strong></span> <span class='ocrx_word' id='word_1_785' title='bbox 1292 4481 1552 4554; x_wconf 83' lang='lat' dir='ltr'><strong>Fulgentii</strong></span> <span class='ocrx_word' id='word_1_786' title='bbox 1575 4485 1798 4556; x_wconf 75' lang='lat' dir='ltr'><strong>episcopi</strong></span> <span class='ocrx_word' id='word_1_787' title='bbox 1812 4496 2000 4541; x_wconf 70' lang='lat' dir='ltr'><strong>sanctte</strong></span> <span class='ocrx_word' id='word_1_788' title='bbox 2010 4485 2253 4543; x_wconf 68' lang='lat' dir='ltr'><strong>Ecclesia:</strong></span> <span class='ocrx_word' id='word_1_789' title='bbox 2278 4489 2540 4544; x_wconf 73' lang='lat' dir='ltr'><strong>catholica:</strong></span> <span class='ocrx_word' id='word_1_790' title='bbox 2560 4488 2838 4563; x_wconf 76' lang='lat' dir='ltr'><strong>Ruspemis</strong></span> <span class='ocrx_word' id='word_1_791' title='bbox 2861 4491 2923 4546; x_wconf 83' lang='lat' dir='ltr'><strong>de</strong></span> <span class='ocrx_word' id='word_1_792' title='bbox 2944 4492 3140 4563; x_wconf 85' lang='lat' dir='ltr'><strong>Regula</strong></span> <span class='ocrx_word' id='word_1_793' title='bbox 3165 4507 3294 4547; x_wconf 72' lang='lat' dir='ltr'><strong>verte</strong></span> <span class='ocrx_word' id='word_1_794' title='bbox 3317 4494 3439 4563; x_wconf 84' lang='lat' dir='ltr'><strong>ﬁdei</strong></span> <span class='ocrx_word' id='word_1_795' title='bbox 3457 4492 3570 4547; x_wconf 85' lang='lat' dir='ltr'><strong>liber</strong></span> <span class='ocrx_word' id='word_1_796' title='bbox 3586 4484 3744 4558; x_wconf 56' lang='lat' dir='ltr'><strong>explicit-</strong></span> 
     </span>
    </p>
   </div>
   <div class='ocr_carea' id='block_1_102' title="bbox 535 4573 3746 4655">
    <p class='ocr_par' dir='ltr' id='par_1_102' title="bbox 535 4573 3746 4655">
     <span class='ocr_line' id='line_1_107' title="bbox 535 4573 3746 4655; baseline -0.001 -20"><span class='ocrx_word' id='word_1_797' title='bbox 535 4576 724 4650; x_wconf 84' lang='lat' dir='ltr'><strong>Neque</strong></span> <span class='ocrx_word' id='word_1_798' title='bbox 749 4573 1201 4642; x_wconf 88' lang='lat' dir='ltr'><strong>contemnendus,</strong></span> <span class='ocrx_word' id='word_1_799' title='bbox 1235 4588 1536 4646; x_wconf 89' lang='lat' dir='ltr'><strong>quanquam</strong></span> <span class='ocrx_word' id='word_1_800' title='bbox 1563 4575 1730 4632; x_wconf 91' lang='lat' dir='ltr'><strong>altera</strong></span> <span class='ocrx_word' id='word_1_801' title='bbox 1757 4586 1812 4632; x_wconf 94' lang='lat' dir='ltr'><strong>et</strong></span> <span class='ocrx_word' id='word_1_802' title='bbox 1840 4579 2138 4648; x_wconf 88' lang='lat' dir='ltr'><strong>posteriore</strong></span> <span class='ocrx_word' id='word_1_803' title='bbox 2166 4595 2327 4636; x_wconf 90' lang='lat' dir='ltr'><strong>manu</strong></span> <span class='ocrx_word' id='word_1_804' title='bbox 2351 4580 2546 4637; x_wconf 90' lang='lat' dir='ltr'><strong>ibidem</strong></span> <span class='ocrx_word' id='word_1_805' title='bbox 2587 4582 2797 4638; x_wconf 88' lang='lat' dir='ltr'><strong>additus</strong></span> <span class='ocrx_word' id='word_1_806' title='bbox 2837 4585 2893 4639; x_wconf 93' lang='lat' dir='ltr'><strong>in</strong></span> <span class='ocrx_word' id='word_1_807' title='bbox 2924 4583 3098 4640; x_wconf 85' lang='lat' dir='ltr'><strong>fronte</strong></span> <span class='ocrx_word' id='word_1_808' title='bbox 3125 4586 3302 4655; x_wconf 89' lang='lat' dir='ltr'><strong>operis</strong></span> <span class='ocrx_word' id='word_1_809' title='bbox 3335 4585 3514 4640; x_wconf 90' lang='lat' dir='ltr'><strong>titulus</strong></span> <span class='ocrx_word' id='word_1_810' title='bbox 3541 4601 3552 4636; x_wconf 92' lang='lat'><strong>:</strong></span> <span class='ocrx_word' id='word_1_811' title='bbox 3577 4575 3746 4651; x_wconf 74' lang='lat' dir='ltr'><strong>Epistola</strong></span> 
     </span>
    </p>
   </div>
   <div class='ocr_carea' id='block_1_103' title="bbox 1274 4007 1394 4032">
    <p class='ocr_par' dir='ltr' id='par_1_103' title="bbox 1274 4007 1394 4032">
     <span class='ocr_line' id='line_1_108' title="bbox 1274 4007 1394 4032; baseline 0.017 -2"><span class='ocrx_word' id='word_1_812' title='bbox 1274 4007 1394 4032; x_wconf 56' lang='grc' dir='ltr'><strong>συν-Ι</strong></span> 
     </span>
    </p>
   </div>
   <div class='ocr_carea' id='block_1_104' title="bbox 539 4657 3835 4744">
    <p class='ocr_par' dir='ltr' id='par_1_104' title="bbox 539 4657 3835 4744">
     <span class='ocr_line' id='line_1_109' title="bbox 539 4657 3835 4744; baseline -0.002 -19"><span class='ocrx_word' id='word_1_813' title='bbox 539 4667 808 4742; x_wconf 81' lang='lat' dir='ltr'><strong>Fulgentii</strong></span> <span class='ocrx_word' id='word_1_814' title='bbox 831 4667 1054 4742; x_wconf 76' lang='lat' dir='ltr'><strong>episcopi</strong></span> <span class='ocrx_word' id='word_1_815' title='bbox 1079 4666 1143 4722; x_wconf 86' lang='lat' dir='ltr'><strong>de</strong></span> <span class='ocrx_word' id='word_1_816' title='bbox 1165 4657 1300 4720; x_wconf 84' lang='lat' dir='ltr'><strong>Fide</strong></span> <span class='ocrx_word' id='word_1_817' title='bbox 1322 4665 1590 4722; x_wconf 81' lang='lat' dir='ltr'><strong>catholica.</strong></span> <span class='ocrx_word' id='word_1_818' title='bbox 1605 4666 1869 4724; x_wconf 64' lang='lat' dir='ltr'><strong>Praeterea</strong></span> <span class='ocrx_word' id='word_1_819' title='bbox 1897 4670 1996 4725; x_wconf 93' lang='lat' dir='ltr'><strong>sub</strong></span> <span class='ocrx_word' id='word_1_820' title='bbox 2021 4670 2285 4742; x_wconf 83' lang='lat' dir='ltr'><strong>Fulgentii</strong></span> <span class='ocrx_word' id='word_1_821' title='bbox 2311 4674 2527 4730; x_wconf 88' lang='lat' dir='ltr'><strong>nomine</strong></span> <span class='ocrx_word' id='word_1_822' title='bbox 2553 4674 2748 4730; x_wconf 89' lang='lat' dir='ltr'><strong>citatur</strong></span> <span class='ocrx_word' id='word_1_823' title='bbox 2774 4690 2804 4730; x_wconf 91' lang='lat' dir='ltr'><strong>a</strong></span> <span class='ocrx_word' id='word_1_824' title='bbox 2831 4674 3122 4733; x_wconf 87' lang='lat' dir='ltr'><strong>Ratramno</strong></span> <span class='ocrx_word' id='word_1_825' title='bbox 3140 4718 3155 4743; x_wconf 97' lang='lat'><strong>,</strong></span> <span class='ocrx_word' id='word_1_826' title='bbox 3181 4677 3234 4732; x_wconf 92' lang='lat' dir='ltr'><strong>in</strong></span> <span class='ocrx_word' id='word_1_827' title='bbox 3263 4677 3396 4732; x_wconf 87' lang='lat' dir='ltr'><strong>libro</strong></span> <span class='ocrx_word' id='word_1_828' title='bbox 3419 4677 3483 4732; x_wconf 90' lang='lat' dir='ltr'><strong>de</strong></span> <span class='ocrx_word' id='word_1_829' title='bbox 3503 4673 3695 4744; x_wconf 88' lang='lat' dir='ltr'><strong>Corpore</strong></span> <span class='ocrx_word' id='word_1_830' title='bbox 3712 4673 3745 4718; x_wconf 83' lang='lat' dir='ltr'><strong>et</strong></span> 
     </span>
    </p>
   </div>
   <div class='ocr_carea' id='block_1_105' title="bbox 537 4758 3835 4838">
    <p class='ocr_par' dir='ltr' id='par_1_105' title="bbox 537 4758 3835 4838">
     <span class='ocr_line' id='line_1_110' title="bbox 537 4758 3835 4838; baseline -0.002 -18"><span class='ocrx_word' id='word_1_831' title='bbox 537 4761 813 4833; x_wconf 80' lang='lat' dir='ltr'><strong>Sanguine</strong></span> <span class='ocrx_word' id='word_1_832' title='bbox 833 4761 1066 4819; x_wconf 90' lang='lat' dir='ltr'><strong>Domini.</strong></span> <span class='ocrx_word' id='word_1_833' title='bbox 1096 4758 1332 4816; x_wconf 89' lang='lat' dir='ltr'><strong>Isidorus</strong></span> <span class='ocrx_word' id='word_1_834' title='bbox 1355 4759 1596 4817; x_wconf 88' lang='lat' dir='ltr'><strong>etiamin</strong></span> <span class='ocrx_word' id='word_1_835' title='bbox 1621 4760 1896 4832; x_wconf 87' lang='lat' dir='ltr'><strong>Catalogo,</strong></span> <span class='ocrx_word' id='word_1_836' title='bbox 1924 4771 1977 4818; x_wconf 93' lang='lat' dir='ltr'><strong>et</strong></span> <span class='ocrx_word' id='word_1_837' title='bbox 2005 4763 2277 4820; x_wconf 81' lang='lat' dir='ltr'><strong>Honorius</strong></span> <span class='ocrx_word' id='word_1_838' title='bbox 2302 4766 2792 4838; x_wconf 88' lang='lat' dir='ltr'><strong>Augustodunensis</strong></span> <span class='ocrx_word' id='word_1_839' title='bbox 2821 4769 2878 4823; x_wconf 92' lang='lat' dir='ltr'><strong>in</strong></span> <span class='ocrx_word' id='word_1_840' title='bbox 2902 4769 3180 4826; x_wconf 88' lang='lat' dir='ltr'><strong>Chronicis</strong></span> <span class='ocrx_word' id='word_1_841' title='bbox 3207 4779 3463 4826; x_wconf 87' lang='lat' dir='ltr'><strong>testantur</strong></span> <span class='ocrx_word' id='word_1_842' title='bbox 3485 4762 3742 4837; x_wconf 84' lang='lat' dir='ltr'><strong>Fulgentium</strong></span> <span class='ocrx_word' id='word_1_843' title='bbox 3834 4758 3835 4838; x_wconf 48' lang='grc' dir='ltr'>ᾖ</span> 
     </span>
    </p>
   </div>
   <div class='ocr_carea' id='block_1_106' title="bbox 539 4847 3835 4929">
    <p class='ocr_par' dir='ltr' id='par_1_106' title="bbox 539 4847 3835 4929">
     <span class='ocr_line' id='line_1_111' title="bbox 539 4847 3835 4929; baseline -0.005 -15"><span class='ocrx_word' id='word_1_844' title='bbox 539 4854 821 4924; x_wconf 65' lang='lat' dir='ltr'><strong>scripsisse</strong></span> <span class='ocrx_word' id='word_1_845' title='bbox 850 4854 1108 4926; x_wconf 81' lang='lat' dir='ltr'><strong>Regulam</strong></span> <span class='ocrx_word' id='word_1_846' title='bbox 1135 4867 1280 4910; x_wconf 70' lang='lat' dir='ltr'><strong>verae</strong></span> <span class='ocrx_word' id='word_1_847' title='bbox 1305 4851 1433 4909; x_wconf 83' lang='lat' dir='ltr'><strong>ﬁdei</strong></span> <span class='ocrx_word' id='word_1_848' title='bbox 1464 4870 1480 4908; x_wconf 89' lang='lat'><strong>:</strong></span> <span class='ocrx_word' id='word_1_849' title='bbox 1506 4860 1561 4908; x_wconf 92' lang='lat' dir='ltr'><strong>et</strong></span> <span class='ocrx_word' id='word_1_850' title='bbox 1585 4867 1705 4908; x_wconf 91' lang='lat' dir='ltr'><strong>eam</strong></span> <span class='ocrx_word' id='word_1_851' title='bbox 1730 4852 1985 4924; x_wconf 81' lang='lat' dir='ltr'><strong>Regulam</strong></span> <span class='ocrx_word' id='word_1_852' title='bbox 2017 4854 2084 4910; x_wconf 88' lang='lat' dir='ltr'><strong>ab</strong></span> <span class='ocrx_word' id='word_1_853' title='bbox 2124 4854 2315 4912; x_wconf 90' lang='lat' dir='ltr'><strong>eodem</strong></span> <span class='ocrx_word' id='word_1_854' title='bbox 2345 4855 2621 4929; x_wconf 87' lang='lat' dir='ltr'><strong>Fulgentio</strong></span> <span class='ocrx_word' id='word_1_855' title='bbox 2659 4859 2792 4929; x_wconf 93' lang='lat' dir='ltr'><strong>petit</strong></span> <span class='ocrx_word' id='word_1_856' title='bbox 2828 4858 3133 4916; x_wconf 89' lang='lat' dir='ltr'><strong>Ferrandus</strong></span> <span class='ocrx_word' id='word_1_857' title='bbox 3174 4860 3455 4927; x_wconf 87' lang='lat' dir='ltr'><strong>diaconus,</strong></span> <span class='ocrx_word' id='word_1_858' title='bbox 3499 4859 3546 4912; x_wconf 93' lang='lat' dir='ltr'><strong>in</strong></span> <span class='ocrx_word' id='word_1_859' title='bbox 3579 4847 3742 4924; x_wconf 75' lang='lat' dir='ltr'><strong>epistol:</strong></span> <span class='ocrx_word' id='word_1_860' title='bbox 3834 4887 3835 4896; x_wconf 33' lang='grc' dir='ltr'>χ</span> 
     </span>
    </p>
   </div>
   <div class='ocr_carea' id='block_1_107' title="bbox 534 4943 3739 5017">
    <p class='ocr_par' dir='ltr' id='par_1_107' title="bbox 534 4943 3739 5017">
     <span class='ocr_line' id='line_1_112' title="bbox 534 4943 3739 5017; baseline -0.003 -14"><span class='ocrx_word' id='word_1_861' title='bbox 534 4947 684 5003; x_wconf 85' lang='lat' dir='ltr'><strong>inter</strong></span> <span class='ocrx_word' id='word_1_862' title='bbox 704 4943 1078 5017; x_wconf 87' lang='lat' dir='ltr'><strong>Fulgentianas</strong></span> <span class='ocrx_word' id='word_1_863' title='bbox 1103 4961 1255 5002; x_wconf 68' lang='lat' dir='ltr'><strong>nova:</strong></span> <span class='ocrx_word' id='word_1_864' title='bbox 1277 4944 1528 5002; x_wconf 90' lang='lat' dir='ltr'><strong>editionis</strong></span> <span class='ocrx_word' id='word_1_865' title='bbox 1553 4943 1761 5003; x_wconf 91' lang='lat' dir='ltr'><strong>decima</strong></span> <span class='ocrx_word' id='word_1_866' title='bbox 1787 4946 1959 5001; x_wconf 88' lang='lat' dir='ltr'><strong>tertia.</strong></span> <span class='ocrx_word' id='word_1_867' title='bbox 1983 4946 2377 5004; x_wconf 90' lang='lat' dir='ltr'><strong>lnscribebatur</strong></span> <span class='ocrx_word' id='word_1_868' title='bbox 2396 4949 2524 5004; x_wconf 90' lang='lat' dir='ltr'><strong>olim</strong></span> <span class='ocrx_word' id='word_1_869' title='bbox 2549 4968 2563 5004; x_wconf 91' lang='lat'><strong>:</strong></span> <span class='ocrx_word' id='word_1_870' title='bbox 2589 4948 2666 5004; x_wconf 89' lang='lat' dir='ltr'><strong>De</strong></span> <span class='ocrx_word' id='word_1_871' title='bbox 2685 4948 2817 5004; x_wconf 85' lang='lat' dir='ltr'><strong>Fide</strong></span> <span class='ocrx_word' id='word_1_872' title='bbox 2839 4950 2907 5004; x_wconf 87' lang='lat' dir='ltr'><strong>ad</strong></span> <span class='ocrx_word' id='word_1_873' title='bbox 2929 4949 3142 5006; x_wconf 84' lang='lat' dir='ltr'><strong>Petrum</strong></span> <span class='ocrx_word' id='word_1_874' title='bbox 3169 4951 3450 5006; x_wconf 85' lang='lat' dir='ltr'><strong>diaconum.</strong></span> <span class='ocrx_word' id='word_1_875' title='bbox 3472 4947 3564 5006; x_wconf 91' lang='lat' dir='ltr'><strong>Sed</strong></span> <span class='ocrx_word' id='word_1_876' title='bbox 3585 4945 3739 5001; x_wconf 88' lang='lat' dir='ltr'><strong>Petrum</strong></span> 
     </span>
    </p>
   </div>
   <div class='ocr_carea' id='block_1_108' title="bbox 533 5032 3740 5109">
    <p class='ocr_par' dir='ltr' id='par_1_108' title="bbox 533 5032 3740 5109">
     <span class='ocr_line' id='line_1_113' title="bbox 533 5032 3740 5109; baseline -0.001 -14"><span class='ocrx_word' id='word_1_877' title='bbox 533 5036 686 5095; x_wconf 85' lang='lat' dir='ltr'><strong>hunc</strong></span> <span class='ocrx_word' id='word_1_878' title='bbox 704 5037 867 5092; x_wconf 91' lang='lat' dir='ltr'><strong>alium</strong></span> <span class='ocrx_word' id='word_1_879' title='bbox 888 5052 918 5092; x_wconf 89' lang='lat' dir='ltr'><strong>a</strong></span> <span class='ocrx_word' id='word_1_880' title='bbox 938 5038 1100 5093; x_wconf 90' lang='lat' dir='ltr'><strong>Petro</strong></span> <span class='ocrx_word' id='word_1_881' title='bbox 1122 5037 1348 5094; x_wconf 88' lang='lat' dir='ltr'><strong>diacono</strong></span> <span class='ocrx_word' id='word_1_882' title='bbox 1369 5038 1456 5095; x_wconf 88' lang='lat' dir='ltr'><strong>cui</strong></span> <span class='ocrx_word' id='word_1_883' title='bbox 1481 5038 1710 5109; x_wconf 88' lang='lat' dir='ltr'><strong>scriptus</strong></span> <span class='ocrx_word' id='word_1_884' title='bbox 1734 5046 1816 5094; x_wconf 92' lang='lat' dir='ltr'><strong>est</strong></span> <span class='ocrx_word' id='word_1_885' title='bbox 1841 5036 2103 5109; x_wconf 85' lang='lat' dir='ltr'><strong>Fulgentii</strong></span> <span class='ocrx_word' id='word_1_886' title='bbox 2123 5039 2190 5094; x_wconf 92' lang='lat' dir='ltr'><strong>de</strong></span> <span class='ocrx_word' id='word_1_887' title='bbox 2211 5039 2579 5095; x_wconf 89' lang='lat' dir='ltr'><strong>lncarnatione</strong></span> <span class='ocrx_word' id='word_1_888' title='bbox 2604 5040 2759 5109; x_wconf 90' lang='lat' dir='ltr'><strong>liber,</strong></span> <span class='ocrx_word' id='word_1_889' title='bbox 2787 5039 2942 5096; x_wconf 82' lang='lat' dir='ltr'><strong>facile</strong></span> <span class='ocrx_word' id='word_1_890' title='bbox 2970 5041 3258 5108; x_wconf 89' lang='lat' dir='ltr'><strong>credimus,</strong></span> <span class='ocrx_word' id='word_1_891' title='bbox 3281 5041 3351 5097; x_wconf 87' lang='lat' dir='ltr'><strong>ob</strong></span> <span class='ocrx_word' id='word_1_892' title='bbox 3374 5041 3585 5096; x_wconf 84' lang='lat' dir='ltr'><strong>rationes</strong></span> <span class='ocrx_word' id='word_1_893' title='bbox 3605 5032 3740 5086; x_wconf 60' lang='lat' dir='ltr'><strong>alia!”</strong></span> 
     </span>
    </p>
   </div>
   <div class='ocr_carea' id='block_1_109' title="bbox 536 5116 3736 5204">
    <p class='ocr_par' dir='ltr' id='par_1_109' title="bbox 536 5116 3736 5204">
     <span class='ocr_line' id='line_1_114' title="bbox 536 5116 3736 5204; baseline -0.001 -19"><span class='ocrx_word' id='word_1_894' title='bbox 536 5130 595 5185; x_wconf 91' lang='lat' dir='ltr'><strong>in</strong></span> <span class='ocrx_word' id='word_1_895' title='bbox 626 5143 763 5184; x_wconf 89' lang='lat' dir='ltr'><strong>nova</strong></span> <span class='ocrx_word' id='word_1_896' title='bbox 787 5127 1050 5199; x_wconf 88' lang='lat' dir='ltr'><strong>Fulgentii</strong></span> <span class='ocrx_word' id='word_1_897' title='bbox 1077 5129 1330 5194; x_wconf 87' lang='lat' dir='ltr'><strong>editione,</strong></span> <span class='ocrx_word' id='word_1_898' title='bbox 1359 5145 1482 5201; x_wconf 67' lang='lat' dir='ltr'><strong>quae</strong></span> <span class='ocrx_word' id='word_1_899' title='bbox 1503 5127 1722 5184; x_wconf 85' lang='lat' dir='ltr'><strong>Parisiis</strong></span> <span class='ocrx_word' id='word_1_900' title='bbox 1747 5143 1814 5184; x_wconf 85' lang='lat' dir='ltr'><strong>ex</strong></span> <span class='ocrx_word' id='word_1_901' title='bbox 1835 5128 2046 5184; x_wconf 85' lang='lat' dir='ltr'><strong>officina</strong></span> <span class='ocrx_word' id='word_1_902' title='bbox 2067 5129 2337 5186; x_wconf 88' lang='lat' dir='ltr'><strong>Guillelmi</strong></span> <span class='ocrx_word' id='word_1_903' title='bbox 2361 5131 2594 5200; x_wconf 87' lang='lat' dir='ltr'><strong>Desprez</strong></span> <span class='ocrx_word' id='word_1_904' title='bbox 2615 5131 2727 5202; x_wconf 89' lang='lat' dir='ltr'><strong>jam</strong></span> <span class='ocrx_word' id='word_1_905' title='bbox 2752 5147 2894 5187; x_wconf 93' lang='lat' dir='ltr'><strong>nunc</strong></span> <span class='ocrx_word' id='word_1_906' title='bbox 2918 5132 3116 5204; x_wconf 87' lang='lat' dir='ltr'><strong>prodit,</strong></span> <span class='ocrx_word' id='word_1_907' title='bbox 3145 5133 3317 5189; x_wconf 92' lang='lat' dir='ltr'><strong>studio</strong></span> <span class='ocrx_word' id='word_1_908' title='bbox 3343 5141 3396 5188; x_wconf 92' lang='lat' dir='ltr'><strong>et</strong></span> <span class='ocrx_word' id='word_1_909' title='bbox 3419 5132 3579 5186; x_wconf 91' lang='lat' dir='ltr'><strong>labore</strong></span> <span class='ocrx_word' id='word_1_910' title='bbox 3598 5116 3736 5180; x_wconf 74' lang='lat' dir='ltr'><strong>crudili</strong></span> 
     </span>
    </p>
   </div>
   <div class='ocr_carea' id='block_1_110' title="bbox 537 5216 3835 5296">
    <p class='ocr_par' dir='ltr' id='par_1_110' title="bbox 537 5216 3835 5296">
     <span class='ocr_line' id='line_1_115' title="bbox 537 5216 3835 5296; baseline -0.005 -21"><span class='ocrx_word' id='word_1_911' title='bbox 537 5219 641 5276; x_wconf 82' lang='lat' dir='ltr'><strong>viri</strong></span> <span class='ocrx_word' id='word_1_912' title='bbox 669 5218 830 5275; x_wconf 76' lang='lat' dir='ltr'><strong>Lucae</strong></span> <span class='ocrx_word' id='word_1_913' title='bbox 858 5217 1138 5288; x_wconf 86' lang='lat' dir='ltr'><strong>Mangeant</strong></span> <span class='ocrx_word' id='word_1_914' title='bbox 1165 5218 1357 5275; x_wconf 88' lang='lat' dir='ltr'><strong>Clerici</strong></span> <span class='ocrx_word' id='word_1_915' title='bbox 1389 5218 1706 5275; x_wconf 90' lang='lat' dir='ltr'><strong>Parisiensis</strong></span> <span class='ocrx_word' id='word_1_916' title='bbox 1746 5221 2048 5290; x_wconf 87' lang='lat' dir='ltr'><strong>recognita,</strong></span> <span class='ocrx_word' id='word_1_917' title='bbox 2098 5229 2251 5275; x_wconf 91' lang='lat' dir='ltr'><strong>aucta</strong></span> <span class='ocrx_word' id='word_1_918' title='bbox 2295 5230 2348 5276; x_wconf 92' lang='lat' dir='ltr'><strong>et</strong></span> <span class='ocrx_word' id='word_1_919' title='bbox 2391 5222 2664 5294; x_wconf 89' lang='lat' dir='ltr'><strong>castigata.</strong></span> <span class='ocrx_word' id='word_1_920' title='bbox 2713 5221 2824 5280; x_wconf 90' lang='lat' dir='ltr'><strong>Nec</strong></span> <span class='ocrx_word' id='word_1_921' title='bbox 2868 5224 3060 5295; x_wconf 88' lang='lat' dir='ltr'><strong>injuria</strong></span> <span class='ocrx_word' id='word_1_922' title='bbox 3105 5234 3416 5296; x_wconf 90' lang='lat' dir='ltr'><strong>expunctum</strong></span> <span class='ocrx_word' id='word_1_923' title='bbox 3461 5238 3489 5278; x_wconf 89' lang='lat' dir='ltr'><strong>e</strong></span> <span class='ocrx_word' id='word_1_924' title='bbox 3529 5216 3652 5274; x_wconf 89' lang='lat' dir='ltr'><strong>titulo</strong></span> <span class='ocrx_word' id='word_1_925' title='bbox 3681 5219 3736 5262; x_wconf 67' lang='lat' dir='ltr'><strong>cst</strong></span> <span class='ocrx_word' id='word_1_926' title='bbox 3834 5217 3835 5220; x_wconf 77' lang='lat'>‘</span> 
     </span>
    </p>
   </div>
   <div class='ocr_carea' id='block_1_111' title="bbox 537 5303 3731 5385">
    <p class='ocr_par' dir='ltr' id='par_1_111' title="bbox 537 5303 3731 5385">
     <span class='ocr_line' id='line_1_116' title="bbox 537 5303 3731 5385; baseline -0.002 -17"><span class='ocrx_word' id='word_1_927' title='bbox 537 5311 750 5368; x_wconf 87' lang='lat' dir='ltr'><strong>diaconi</strong></span> <span class='ocrx_word' id='word_1_928' title='bbox 778 5325 1008 5375; x_wconf 91' lang='lat' dir='ltr'><strong>nomen;</strong></span> <span class='ocrx_word' id='word_1_929' title='bbox 1038 5308 1249 5379; x_wconf 88' lang='lat' dir='ltr'><strong>quando</strong></span> <span class='ocrx_word' id='word_1_930' title='bbox 1277 5309 1421 5365; x_wconf 89' lang='lat' dir='ltr'><strong>hunc</strong></span> <span class='ocrx_word' id='word_1_931' title='bbox 1448 5311 1502 5365; x_wconf 93' lang='lat' dir='ltr'><strong>in</strong></span> <span class='ocrx_word' id='word_1_932' title='bbox 1529 5310 1750 5366; x_wconf 90' lang='lat' dir='ltr'><strong>exordio</strong></span> <span class='ocrx_word' id='word_1_933' title='bbox 1773 5310 2082 5382; x_wconf 89' lang='lat' dir='ltr'><strong>Fulgentius</strong></span> <span class='ocrx_word' id='word_1_934' title='bbox 2113 5311 2328 5367; x_wconf 87' lang='lat' dir='ltr'><strong>Petrum</strong></span> <span class='ocrx_word' id='word_1_935' title='bbox 2355 5311 2521 5368; x_wconf 86' lang='lat' dir='ltr'><strong>filium</strong></span> <span class='ocrx_word' id='word_1_936' title='bbox 2550 5323 2734 5382; x_wconf 86' lang='lat' dir='ltr'><strong>vocat,</strong></span> <span class='ocrx_word' id='word_1_937' title='bbox 2764 5330 2870 5370; x_wconf 93' lang='lat' dir='ltr'><strong>non</strong></span> <span class='ocrx_word' id='word_1_938' title='bbox 2887 5357 2902 5384; x_wconf 96' lang='lat'><strong>,</strong></span> <span class='ocrx_word' id='word_1_939' title='bbox 2936 5317 3012 5371; x_wconf 90' lang='lat' dir='ltr'><strong>uti</strong></span> <span class='ocrx_word' id='word_1_940' title='bbox 3037 5315 3287 5372; x_wconf 87' lang='lat' dir='ltr'><strong>diaconos</strong></span> <span class='ocrx_word' id='word_1_941' title='bbox 3311 5312 3602 5385; x_wconf 88' lang='lat' dir='ltr'><strong>compellare</strong></span> <span class='ocrx_word' id='word_1_942' title='bbox 3621 5303 3731 5360; x_wconf 72' lang='grc' dir='ltr'><strong>εοῖειο</strong></span> 
     </span>
    </p>
   </div>
   <div class='ocr_carea' id='block_1_112' title="bbox 537 5389 3729 5478">
    <p class='ocr_par' dir='ltr' id='par_1_112' title="bbox 537 5389 3729 5478">
     <span class='ocr_line' id='line_1_117' title="bbox 537 5389 3729 5478; baseline -0.001 -16"><span class='ocrx_word' id='word_1_943' title='bbox 537 5406 764 5462; x_wconf 76' lang='lat' dir='ltr'><strong>fratrem</strong></span> <span class='ocrx_word' id='word_1_944' title='bbox 791 5413 882 5460; x_wconf 90' lang='lat' dir='ltr'><strong>aut</strong></span> <span class='ocrx_word' id='word_1_945' title='bbox 907 5401 1315 5459; x_wconf 90' lang='lat' dir='ltr'><strong>condiaconum.</strong></span> <span class='ocrx_word' id='word_1_946' title='bbox 1341 5402 1766 5474; x_wconf 82' lang='lat' dir='ltr'><strong>Recognovimus</strong></span> <span class='ocrx_word' id='word_1_947' title='bbox 1795 5404 1895 5458; x_wconf 91' lang='lat' dir='ltr'><strong>hoc</strong></span> <span class='ocrx_word' id='word_1_948' title='bbox 1921 5420 2053 5475; x_wconf 93' lang='lat' dir='ltr'><strong>opus</strong></span> <span class='ocrx_word' id='word_1_949' title='bbox 2080 5406 2145 5458; x_wconf 89' lang='lat' dir='ltr'><strong>ad</strong></span> <span class='ocrx_word' id='word_1_950' title='bbox 2172 5403 2300 5460; x_wconf 84' lang='lat' dir='ltr'><strong>Mss.</strong></span> <span class='ocrx_word' id='word_1_951' title='bbox 2326 5405 2596 5461; x_wconf 83' lang='lat' dir='ltr'><strong>Romanos</strong></span> <span class='ocrx_word' id='word_1_952' title='bbox 2620 5405 2955 5464; x_wconf 67' lang='lat' dir='ltr'><strong>bibliotheca:</strong></span> <span class='ocrx_word' id='word_1_953' title='bbox 2978 5407 3245 5465; x_wconf 71' lang='lat' dir='ltr'><strong>Vaticanre</strong></span> <span class='ocrx_word' id='word_1_954' title='bbox 3267 5417 3498 5478; x_wconf 86' lang='lat' dir='ltr'><strong>quatuor,</strong></span> <span class='ocrx_word' id='word_1_955' title='bbox 3522 5400 3577 5455; x_wconf 89' lang='lat' dir='ltr'><strong>ad</strong></span> <span class='ocrx_word' id='word_1_956' title='bbox 3595 5389 3729 5460; x_wconf 73' lang='grc' dir='ltr'><strong>Αηιιῖ·</strong></span> 
     </span>
    </p>
   </div>
   <div class='ocr_carea' id='block_1_113' title="bbox 537 5478 3726 5569">
    <p class='ocr_par' dir='ltr' id='par_1_113' title="bbox 537 5478 3726 5569">
     <span class='ocr_line' id='line_1_118' title="bbox 537 5478 3726 5569; baseline -0.004 -13"><span class='ocrx_word' id='word_1_957' title='bbox 537 5514 704 5556; x_wconf 86' lang='lat' dir='ltr'><strong>canos</strong></span> <span class='ocrx_word' id='word_1_958' title='bbox 740 5499 878 5555; x_wconf 92' lang='lat' dir='ltr'><strong>duos</strong></span> <span class='ocrx_word' id='word_1_959' title='bbox 898 5540 913 5564; x_wconf 95' lang='lat'><strong>,</strong></span> <span class='ocrx_word' id='word_1_960' title='bbox 942 5497 1008 5554; x_wconf 90' lang='lat' dir='ltr'><strong>ad</strong></span> <span class='ocrx_word' id='word_1_961' title='bbox 1037 5497 1455 5554; x_wconf 90' lang='lat' dir='ltr'><strong>vetustissimum</strong></span> <span class='ocrx_word' id='word_1_962' title='bbox 1479 5496 1856 5553; x_wconf 85' lang='lat' dir='ltr'><strong>Corbeiensem</strong></span> <span class='ocrx_word' id='word_1_963' title='bbox 1879 5540 1894 5564; x_wconf 91' lang='lat'><strong>,</strong></span> <span class='ocrx_word' id='word_1_964' title='bbox 1925 5497 1991 5552; x_wconf 90' lang='lat' dir='ltr'><strong>ad</strong></span> <span class='ocrx_word' id='word_1_965' title='bbox 2019 5497 2364 5554; x_wconf 87' lang='lat' dir='ltr'><strong>Sorbonicum</strong></span> <span class='ocrx_word' id='word_1_966' title='bbox 2387 5541 2401 5565; x_wconf 94' lang='lat'><strong>,</strong></span> <span class='ocrx_word' id='word_1_967' title='bbox 2429 5498 2759 5554; x_wconf 76' lang='lat' dir='ltr'><strong>Victorinum</strong></span> <span class='ocrx_word' id='word_1_968' title='bbox 2779 5541 2795 5567; x_wconf 96' lang='lat'><strong>,</strong></span> <span class='ocrx_word' id='word_1_969' title='bbox 2825 5501 3146 5558; x_wconf 88' lang='lat' dir='ltr'><strong>Beccensem</strong></span> <span class='ocrx_word' id='word_1_970' title='bbox 3169 5543 3183 5569; x_wconf 94' lang='lat'><strong>,</strong></span> <span class='ocrx_word' id='word_1_971' title='bbox 3209 5510 3260 5557; x_wconf 90' lang='lat' dir='ltr'><strong>et</strong></span> <span class='ocrx_word' id='word_1_972' title='bbox 3283 5491 3666 5566; x_wconf 22' lang='lat' dir='ltr'><strong>alios’qnosdam.</strong></span> <span class='ocrx_word' id='word_1_973' title='bbox 3687 5478 3726 5569; x_wconf 57' lang='lat' dir='ltr'><strong>lt!</strong></span> 
     </span>
    </p>
   </div>
   <div class='ocr_carea' id='block_1_114' title="bbox 539 5567 3724 5664">
    <p class='ocr_par' dir='ltr' id='par_1_114' title="bbox 539 5567 3724 5664">
     <span class='ocr_line' id='line_1_119' title="bbox 539 5567 3724 5664; baseline -0.003 -18"><span class='ocrx_word' id='word_1_974' title='bbox 539 5590 852 5648; x_wconf 87' lang='lat' dir='ltr'><strong>Corbeiensi</strong></span> <span class='ocrx_word' id='word_1_975' title='bbox 899 5600 953 5648; x_wconf 89' lang='lat' dir='ltr'><strong>et</strong></span> <span class='ocrx_word' id='word_1_976' title='bbox 993 5591 1110 5646; x_wconf 89' lang='lat' dir='ltr'><strong>aliis</strong></span> <span class='ocrx_word' id='word_1_977' title='bbox 1155 5591 1394 5647; x_wconf 90' lang='lat' dir='ltr'><strong>melioris</strong></span> <span class='ocrx_word' id='word_1_978' title='bbox 1434 5597 1575 5645; x_wconf 83' lang='lat' dir='ltr'><strong>notae</strong></span> <span class='ocrx_word' id='word_1_979' title='bbox 1619 5588 1743 5644; x_wconf 85' lang='lat' dir='ltr'><strong>Mss.</strong></span> <span class='ocrx_word' id='word_1_980' title='bbox 1790 5589 1983 5644; x_wconf 90' lang='lat' dir='ltr'><strong>desinit</strong></span> <span class='ocrx_word' id='word_1_981' title='bbox 2023 5588 2076 5642; x_wconf 94' lang='lat' dir='ltr'><strong>in</strong></span> <span class='ocrx_word' id='word_1_982' title='bbox 2119 5588 2222 5645; x_wconf 86' lang='lat' dir='ltr'><strong>fine</strong></span> <span class='ocrx_word' id='word_1_983' title='bbox 2249 5589 2436 5662; x_wconf 90' lang='lat' dir='ltr'><strong>capitis</strong></span> <span class='ocrx_word' id='word_1_984' title='bbox 2461 5591 2565 5657; x_wconf 66' lang='grc' dir='ltr'>μς</span> <span class='ocrx_word' id='word_1_985' title='bbox 2598 5606 2772 5664; x_wconf 93' lang='lat' dir='ltr'><strong>neque</strong></span> <span class='ocrx_word' id='word_1_986' title='bbox 2798 5602 2956 5664; x_wconf 87' lang='lat' dir='ltr'><strong>caput</strong></span> <span class='ocrx_word' id='word_1_987' title='bbox 2976 5594 3081 5664; x_wconf 78' lang='grc'><strong>45,</strong></span> <span class='ocrx_word' id='word_1_988' title='bbox 3114 5567 3254 5664; x_wconf 87' lang='lat' dir='ltr'><strong>quod</strong></span> <span class='ocrx_word' id='word_1_989' title='bbox 3279 5591 3476 5648; x_wconf 86' lang='lat' dir='ltr'><strong>diverso</strong></span> <span class='ocrx_word' id='word_1_990' title='bbox 3502 5583 3602 5641; x_wconf 88' lang='lat' dir='ltr'><strong>stilo</strong></span> <span class='ocrx_word' id='word_1_991' title='bbox 3620 5567 3724 5632; x_wconf 57' lang='lat' dir='ltr'><strong>et“</strong></span> 
     </span>
    </p>
   </div>
   <div class='ocr_carea' id='block_1_115' title="bbox 542 5680 2206 5756">
    <p class='ocr_par' dir='ltr' id='par_1_115' title="bbox 542 5680 2206 5756">
     <span class='ocr_line' id='line_1_120' title="bbox 542 5680 2206 5756; baseline -0.007 -12"><span class='ocrx_word' id='word_1_992' title='bbox 542 5683 720 5744; x_wconf 74' lang='lat' dir='ltr'><strong>virum</strong></span> <span class='ocrx_word' id='word_1_993' title='bbox 745 5685 1028 5743; x_wconf 88' lang='lat' dir='ltr'><strong>militarem</strong></span> <span class='ocrx_word' id='word_1_994' title='bbox 1056 5683 1310 5756; x_wconf 84' lang='lat' dir='ltr'><strong>scriptum</strong></span> <span class='ocrx_word' id='word_1_995' title='bbox 1341 5690 1442 5752; x_wconf 89' lang='lat' dir='ltr'><strong>est,</strong></span> <span class='ocrx_word' id='word_1_996' title='bbox 1475 5682 1533 5738; x_wconf 89' lang='lat' dir='ltr'><strong>in</strong></span> <span class='ocrx_word' id='word_1_997' title='bbox 1560 5681 1639 5738; x_wconf 86' lang='lat' dir='ltr'><strong>eis</strong></span> <span class='ocrx_word' id='word_1_998' title='bbox 1667 5695 1894 5751; x_wconf 86' lang='lat' dir='ltr'><strong>usquam</strong></span> <span class='ocrx_word' id='word_1_999' title='bbox 1923 5680 2206 5750; x_wconf 85' lang='lat' dir='ltr'><strong>reperitur.</strong></span> 
     </span>
    </p>
   </div>
  </div>
