3860 6284
130 373 431 434 Ξ

2475 378 3286 396 ψ-Αμωςοοηκνοας-

3007 379 3331 436 -~~v»—~—i

1637 759 1774 809 ειη

581 918 827 1046 DE
893 908 1653 1043 REGULA
1714 910 2246 1037 VER/E
2310 848 2798 1045 FIDEI

1397 1108 1674 1202 πίβέτ
1735 1124 1955 1201 1111115
1964 1172 1982 1193 .

1471 1275 1908 1317 σδ-πιςππδηδ

164 1406 426 1460 Pnowcus.
455 1432 527 1444 —
552 1404 604 1459 1.
635 1403 947 1474 Epistolam,
982 1402 1055 1458 ﬁli
1083 1402 1240 1474 Petre
1260 1443 1280 1474 ,_
1317 1409 1421 1457 tuae
1443 1401 1639 1474 Chari-

109 1478 210 1531 tatis
225 1475 418 1543 accepi;
447 1474 499 1528 in
548 1489 649 1544 qua
679 1472 731 1530 te
758 1475 1062 1542 signiﬁcasti
1090 1473 1229 1527 velle
1253 1472 1638 1544 Jerosolymam

109 1561 312 1617 pergere,
339 1555 398 1617 et,
422 1543 705 1617 popoScisti
734 1557 785 1599 te
812 1545 1000 1617 litteris
1021 1544 1218 1617 nostris
1247 1543 1637 1614 instrui,’quam

106 1614 270 1672 debeas
297 1617 343 1669 in
372 1615 474 1670 illis
498 1616 736 1684 partibus
762 1631 902 1670 verae
925 1614 1046 1669 ﬁdei
1070 1615 1305 1684 regulam
1332 1625 1532 1681 tenere,
1579 1622 1641 1668 ιιι

103 1689 247 1742 nullus
271 1685 358 1742 tibi
385 1687 549 1754 possit
569 1701 756 1741 sensus
781 1685 1043 1740 hrereticaz
1055 1686 1344 1755 subrepere
1371 1684 1634 1739 falsitatis.

100 1758 284 1813 Gaudeo
309 1757 538 1826 quidem,
567 1757 706 1826 quod
731 1772 825 1826 pro
849 1757 948 1811 ﬁde
977 1771 1100 1810 vera
1128 1755 1245 1810 sine
1275 1755 1381 1808 ullo
1405 1755 1638 1826 perﬁdia:

101 1829 209 1882 vitio
231 1825 566 1883 custodienda
587 1825 1004 1882 sollieitudinem
1030 1826 1187 1895 geris,
1219 1825 1334 1880 sine
1362 1839 1462 1894 qua
1494 1825 1637 1879 nulla

100 1907 248 1968 potest
271 1898 543 1967 prodesse,
568 1897 675 1952 imo
705 1913 805 1953 nec
832 1913 952 1952 esse
981 1913 1078 1951 con
1090 1896 1284 1968 versio.
1330 1895 1636 1968 Apostolica

97 1965 412 2038 quippeidicit
441 1968 745 2031 auctoritas,
779 1969 900 2037 quia
941 1968 1048 2021 sine
1092 1966 1192 2034 ﬁde
1219 1965 1522 2038 impossibile
1567 1974 1638 2019 est

101 2037 267 2106 placere
290 2038 390 2092 Deo
413 2038 598 2107 (Hebr.
631 2055 705 2102 XI,
729 2039 806 2106 6).
841 2038 998 2092 Fides
1014 2047 1092 2090 est
1121 2052 1346 2104 namque
1378 2037 1635 2090 honorum

97 2111 298 2163 omnium
322 2109 750 2163 fundamentum:
781 2109 908 2162 ﬁdes
959 2117 1039 2162 est
1065 2107 1306 2159 humanm
1330 2107 1518 2159 salutis
1552 2108 1634 2160 in-

97 2180 240 2233 itium.
261 2181 380 2234 Sine
411 2179 510 2233 hac
537 2195 691 2234 nemo
707 2178 772 2232 ad
802 2179 1026 2233 ﬁliorum
1049 2178 1139 2231 Dei
1165 2185 1337 2244 potest
1360 2192 1635 2231 numerum

99 2252 326 2317 pertinere
347 2252 364 2282 ί
394 2268 406 2302 :
436 2251 557 2320 quia
588 2251 701 2304 sine
738 2250 850 2319 ipsa
892 2264 992 2304 nec
1038 2249 1090 2302 in
1132 2247 1232 2320 hoc
1260 2247 1634 2320 saeculoquis-

97 2316 224 2388 quam
256 2316 642 2388 iustiﬁcationis
666 2316 1007 2389 con—sequitur
1030 2318 1250 2384 gratiam
1272 2359 1287 2382 ,
1319 2333 1425 2389 nec
1457 2318 1508 2389 in
1550 2316 1634 2370 fu-

96 2402 192 2444 turo
237 2393 387 2444 vitam
438 2391 728 2460 possidebit
773 2388 1054 2452 mternztm;
1087 2389 1224 2460 etsi
1267 2389 1384 2460 quis
1418 2388 1634 2460 hienon

93 2462 402 2515 ambulaverit
438 2458 539 2530 per
577 2461 769 2525 ﬁdem,
809 2476 912 2515 non
959 2459 1227 2528 perveniet
1273 2458 1338 2530 ad
1376 2458 1632 2530 ispeciem.

92 2531 196 2586 Sine
221 2533 319 2587 ﬁde
337 2528 508 2586 omnis
531 2532 682 2585 labor
703 2531 932 2586 hominis
950 2545 1147 2584 vacuus
1171 2540 1271 2584 est.
1295 2528 1422 2582 Tale
1442 2530 1636 2597 quippe

92 2611 180 2668 est,
209 2612 264 2656 ut
290 2603 402 2656 sine
429 2617 555 2657 vera
585 2602 689 2656 ﬁde
717 2602 939 2672 quisque
979 2602 1103 2655 velit
1136 2601 1242 2653 Deo
1276 2613 1368 2668 per
1394 2609 1634 2672 content:

93 2682 212 2738 ptum
259 2673 432 2727 saeculi
470 2673 714 2742 placere,
735 2669 900 2742 quale
929 2673 972 2724 si
1009 2671 1284 2742 quisquam
1319 2669 1540 2742 tendens
1569 2669 1636 2722 ad

91 2744 304 2808 patriam,
331 2744 381 2796 in
407 2739 509 2812 qua
540 2758 600 2798 se
625 2744 723 2798 scit
748 2739 900 2798 beate
923 2739 1042 2812 esse
1062 2741 1345 2804 victurum,
1374 2739 1637 2807 relinquat

90 2811 270 2868 itineris
289 2811 674 2878 rectitudinem,
693 2821 746 2867 et
767 2811 1092 2881 improvidus
1116 2817 1348 2865 sectetur
1364 2824 1631 2875 errorem;

89 2897 174 2950 quo
200 2897 302 2937 non
327 2884 392 2938 ad
417 2884 626 2938 beatam
655 2884 921 2938 civitatem
948 2882 1248 2950 perveniat.
1283 2881 1373 2933 sed
1415 2882 1463 2931 in
1501 2895 1628 2944 pra:-

89 2954 297 3022 cipitium
335 2954 520 3017 cadat;
553 2954 642 3008 ubi
683 2969 786 3008 non
825 2951 1075 3023 gaudium
1105 2952 1426 3022 ptTV‘Wllﬂnll
1459 2951 1632 3016 d-'tur,

89 3024 161 3078 sed
186 3024 418 3079 cadentis
447 3025 693 3078 interitus
727 3023 998 3078 inferatur.

143 3094 188 3147 2.
222 3094 596 3150 Verumtamen
625 3104 680 3149 ut
708 3094 775 3150 de
802 3093 907 3148 ﬁde
933 3092 1204 3149 sufﬁciens
1228 3106 1405 3148 sermo
1428 3105 1639 3160 proma-

89 3172 170 3229 tur,
199 3180 298 3220 nce
326 3166 579 3235 temporis
603 3165 918 3235 suffragatur
941 3164 1168 3234 spatium
1191 3205 1206 3227 ,
1235 3167 1356 3232 quia
1393 3162 1638 3216 celeriter

89 3246 299 3290 nostrum
341 3237 490 3306 cupis
533 3235 727 3290 habere
772 3250 1123 3304 responsum;
1165 3243 1218 3287 et
1257 3243 1359 3306 tam
1387 3247 1634 3306 magnum

88 3315 151 3377 est
175 3322 302 3376 opus
329 3302 700 3377 disputationis
737 3302 926 3375 hujus,
959 3314 1020 3377 ut
1053 3319 1088 3377 a
1124 3305 1326 3377 magnis
1355 3303 1438 3356 vix
1465 3302 1637 3377 possit

87 3373 268 3447 impleri
292 3379 332 3431 ³.
359 3373 542 3447 Neque
567 3377 706 3432 enim
737 3373 1021 3444 poposcisti
1050 3376 1124 3447 sic
1153 3385 1201 3447 te
1227 3374 1424 3447 debere
1444 3373 1512 3426 de
1536 3373 1637 3428 ﬁde

87 3445 270 3514 instrui,
299 3457 354 3503 ut
381 3444 540 3504 unam
569 3448 859 3517 quamlibet
885 3444 1475 3517 haeresimidesignares,
1506 3458 1636 3517 con-

91 3526 149 3570 tra
175 3513 324 3588 quam
353 3513 655 3587 specialiter
681 3528 877 3571 nostra:
902 3516 1268 3588 disputationis
1295 3514 1534 3588 vigilaret
1553 3513 1638 3588 in-

90 3584 225 3642 tentio
265 3607 278 3642 :
320 3584 413 3646 sed
459 3605 578 3643 cum
620 3588 891 3642 ittdeﬁnite
927 3586 1288 3640 deﬁnitionem
1331 3584 1447 3637 ﬁdei
1481 3585 1634 3652 petis,

88 3671 279 3732 eamque
303 3662 454 3732 eupis
475 3661 632 3732 etiam
655 3653 1288 3732 suhbrevitate__co_ncludi
1312 3671 1326 3716 ;
1349 3655 1497 3707 vides
1519 3669 1638 3720 pro-

89 3730 157 3800 cul
177 3727 330 3785 dubio
367 3727 524 3800 quam
556 3729 623 3783 sit
649 3729 802 3800 nobis
830 3727 1185 3800 impossibile,
1213 3734 1281 3800 u_t_
1294 3739 1404 3800 rem
1437 3732 1636 3778 tantam

90 3798 129 3851 in
152 3799 280 3855 brevi
312 3794 469 3869 plene
495 3794 1028 3869 comprehendamus,
1056 3797 1138 3850 cui
1167 3794 1490 3869 sufﬁcientes
1516 3809 1638 3869 esse

89 3885 171 3923 non
212 3865 523 3940 possumus,
570 3865 774 3924 etiamsi
821 3879 1022 3924 tantum
1047 3867 1278 3940 spatium
1307 3865 1560 3940 temporis
1585 3871 1640 3918 et

90 3941 172 3995 tale
195 3936 342 3998 nobis
369 3952 509 3997 esset
541 3942 840 4008 ingenium,
872 3951 926 3992 ttt
953 3936 1115 3992 multa
1140 3936 1405 4008 volumina
1437 3936 1501 4008 de
1537 3939 1639 4008 hoc

89 4014 203 4080 quod
242 4030 270 4066 a
318 4014 471 4066 nobis
513 4005 747 4080 expetis,
779 4011 950 4065 facere
987 4009 1285 4080 valerentus
1305 4005 1347 4060 ³.
1367 4005 1480 4080 Sed
1515 4006 1638 4080 quia

90 4077 200 4155 Quis
241 4101 397 4155 prape
439 4077 778 4155 esthomnibus
824 4079 1166 4155 invocantibus
1208 4093 1322 4130 eum
1359 4077 1640 4155 inlvcrt'tate

90 4146 442 4216 (Psalfcxiav,
472 4153 594 4224 18),
623 4152 712 4224 qui
741 4151 1318 4224 uerbumconsummans
1344 4157 1389 4200 et
1410 4146 1639 4224 breviatis

91 4225 183 4294 fecit
202 4243 349 4292 super
373 4215 554 4277 terrain
583 4215 758 4294 (Rom.
783 4239 856 4287 ιχ,
878 4221 1002 4294 28);
1030 4234 1203 4294 spero,
1233 4218 1350 4285 quia
1381 4216 1518 4294 sicut
1536 4215 1638 4294 tibi

90 4291 210 4349 dedit
247 4287 404 4364 hujus
449 4295 567 4349 ﬁdei
594 4287 842 4347 sanctam
887 4290 1332 4364 sollicittuliiiem,
1369 4287 1450 4364 sic
1479 4287 1637 4364 etiam

90 4364 213 4431 mihi,
242 4377 296 4420 ut
317 4354 413 4418 tuo
442 4375 547 4419 tam
577 4365 714 4418 bono
735 4371 944 4432 tamque
971 4359 1217 4415 laudabili
1244 4356 1470 4413 serviam
1489 4354 1638 4432 desi-

91 4426 247 4502 derio,
292 4436 643 4490 sufﬁcientem
693 4426 883 4488 tribuei
926 4431 1225 4502 facultatem
1260 4447 1273 4481 :
1312 4435 1369 4479 nt
1404 4426 1502 4502 etsi
1533 4441 1638 4502 non

92 4497 286 4570 potuero
310 4517 500 4560 cuncta
525 4506 722 4570 dicere,
750 4518 815 4558 ex
842 4505 1032 4571 quibus
1061 4500 1406 4571 omniserror
1428 4497 1640 4571 haereti:

91 4566 166 4648 cus
189 4579 349 4646 possit
385 4579 599 4648 agnosci
622 4617 637 4640 ,
665 4566 724 4648 et
747 4566 955 4644 agnitus
986 4568 1336 4648 vei_conv_inci
1363 4566 1640 4648 vaieat_vel

92 4635 250 4713 vitaii;
284 4635 459 4703 tamen
496 4647 547 4701 in
585 4635 806 4701 nomine
825 4653 982 4712 atque
1010 4641 1271 4710 adiutorio
1298 4646 1496 4713 sancta:
1521 4635 1641 4690 Tri-

94 4709 272 4789 nitatis,
302 4735 418 4789 qua:
451 4733 587 4772 unus
623 4717 768 4789 solus
802 4709 960 4768 verus
988 4722 1041 4767 et
1069 4709 1238 4766 bonus
1266 4717 1357 4789 est_
1380 4709 1548 4770 Deus,
1578 4721 1641 4761 ea

93 4785 235 4860 dicam
260 4779 530 4860 in'qnibus
565 4787 750 4860 saltent
779 4799 967 4860 magna
996 4799 1061 4837 ex
1086 4790 1235 4860 parte
1262 4779 1520 4860 rationem
1550 4791 1640 4830 ca-

96 4855 274 4915 tholica:
299 4849 416 4914 ﬁdei
443 4867 650 4914 constet
677 4857 792 4910 sine
821 4849 992 4923 aliqua
1024 4849 1471 4923 erroritcaligitte
1513 4863 1642 4923 con-

99 4925 244 4984 tineri.
283 4931 482 4997 Quibus
513 4927 730 4984 retentis
750 4967 766 4994 ,
799 4917 995 4994 poteris
1024 4922 1182 4978 etiam
1215 4921 1302 4974 iila
1345 4917 1643 4997 deprehen-

97 4996 201 5053 dere
219 4987 366 5071 atqite
387 5001 589 5071 fugere.
612 5015 680 5068 qu
701 5017 728 5048 l'
752 4987 851 5071 ἰξίξὶ
881 4997 932 5071 in
961 4997 1061 5048 hoc
1085 5007 1245 5062 opere
1270 5005 1374 5071 non
1395 4987 1644 5071 videtuur

97 5058 662 5141 speciali'disptitatioue
687 5067 926 5141 convinci
948 5107 961 5126 ,
1005 5058 1180 5118 tamen
1220 5077 1284 5116 ex
1323 5061 1386 5112 iis
1413 5073 1530 5141 quae
1559 5058 1644 5141 hic

97 5127 576 5210 generaliter'atque
614 5139 854 5193 absolute
889 5145 1188 5210 ponentur,
1233 5137 1521 5210 appareant
1558 5127 1644 5180 illa

99 5201 197 5278 qum
228 5214 462 5268 inﬁdeles
491 5201 742 5266 homines
788 5201 1230 5278 auribus‘voiunt
1253 5201 1646 5278 ‘__insusurrare

102 5267 326 5349 ﬁdelium,
357 5267 462 5339 nan
495 5281 676 5350 regula
704 5279 896 5333 divina:
924 5275 1161 5330 veritatis
1189 5271 1400 5338 tradita,
1434 5267 1526 5323 sed
1553 5283 1645 5323 ne-

102 5351 240 5418 quitia
269 5353 478 5409 humani
507 5351 704 5407 erroris
731 5350 962 5404 inventa.

159 5443 362 5503 CAPUT
399 5442 685 5502 PRIMUM.
738 5442 791 5497 5.
851 5438 1070 5495 Trinitas
1119 5451 1252 5491 unus
1293 5433 1451 5489 Deus.
1499 5431 1646 5500 Quo-

159 5600 600 5667 {MV-sme)
830 5665 836 5667 _
1016 5656 1028 5667 .
1105 5655 1116 5666 .
1428 5650 1535 5667 Jus-

159 5663 175 5736 ῗ
196 5650 314 5736 Ψιὺέ
333 5650 613 5716 signatas
631 5669 762 5724 Mss,
786 5665 838 5711 ut
865 5656 1051 5724 magnis
1068 5655 1152 5708 via:
1173 5654 1320 5720 possit
1342 5650 1535 5718 impleri
1549 5665 1648 5704 ser-

1745 1411 1971 1473 cumque
1992 1396 2288 1473 igiturloco
2317 1396 2479 1473 fueris
2511 1401 2848 1473 constitutus,
2879 1402 3002 1473 quia
3023 1404 3321 1462 secundum

1743 1468 1980 1544 regulam
2004 1466 2172 1544 nostgi
2197 1466 2739 1544 salvatmjs__i_mperio
2780 1466 3189 1544 promulgatam,
3219 1491 3322 1531 no-

1741 1537 1891 1612 stite
1920 1538 1970 1591 in
1996 1553 2100 1590 uno
2123 1537 2297 1612 Patris
2322 1547 2392 1612 et,
2420 1539 2540 1594 Filii
2571 1537 2624 1596 et
2651 1537 2880 1612 Spiritus
2908 1537 3077 1599 sancti
3103 1537 3320 1602 nomine

1741 1610 2062 1681 baptizatum
2064 1625 2097 1681 _;
2125 1609 2480 1681 principaliter
2509 1620 2666 1681 atque
2695 1609 3181 1670 indubitantertoto
3201 1631 3322 1670 cor-

1740 1679 1806 1734 de
1846 1679 2034 1743 retine,
2063 1678 2272 1752 Pairem
2321 1679 2507 1752 Deum,
2540 1678 2596 1737 et
2619 1683 2810 1738 Filium
2838 1685 3025 1750 Deum,
3057 1695 3112 1740 et
3154 1685 3324 1752 Spiri.

1743 1758 1853 1824 uim
1875 1758 2114 1824 sanetum
2139 1749 2323 1813 Deum,
2343 1749 2396 1803 id
2417 1760 2516 1815 est,
2546 1763 2782 1806 sanctam
2810 1764 2968 1824 atque
2989 1749 3316 1812 ineffabilem

1740 1819 2054 1894 Trinitatem
2086 1834 2252 1894 unum
2292 1835 2420 1894 esse
2463 1824 2771 1894 naturaliter
2809 1819 2996 1894 Deum,
3035 1825 3101 1880 de
3126 1840 3234 1894 quo
3258 1825 3315 1880 in

1741 1889 2152 1959 Deuteronomio
2204 1889 2394 1943 dicitur
2427 1909 2440 1944 :
2471 1892 2621 1955 Audi,
2669 1892 2829 1947 Israel
2850 1889 3156 1959 ;~Domimts'
3173 1895 3313 1950 Deus

1740 1968 1872 2024 tuus,
1897 1957 2036 2011 Deus
2069 1960 2084 1990 ι
2107 1975 2234 2011 unus
2260 1968 2331 2012 est
2359 1969 2451 2023 ;et
2477 1960 2746 2016 Dominum
2774 1957 2938 2017 Deum
2969 1975 3107 2017 tuum
3132 1965 3317 2018 adora-

1740 2030 1832 2093 bis,
1861 2039 1906 2082 et
1933 2029 2010 2081 illi
2038 2029 2131 2081 soli
2149 2030 2327 2101 servies
2354 2029 2372 2099 (
2400 2029 2549 2083 Deut.
2582 2048 2651 2096 vr,
2685 2033 2739 2097 4,
2773 2032 2895 2101 15).
2935 2033 3318 2092 Verumtamen

1738 2101 1858 2169 quia
1888 2101 2043 2152 istum
2076 2115 2234 2151 unum
2267 2099 2451 2166 Deum,
2487 2102 2576 2168 qui
2624 2103 2767 2156 solus
2793 2099 2874 2156 est
2897 2119 3052 2158 verus
3095 2113 3314 2159 natura-

1740 2171 1857 2223 liter
1884 2170 2040 2234 Deus,
2073 2186 2175 2240 non
2214 2169 2421 2240 Patrem
2473 2172 2665 2235 solum,
2701 2188 2871 2240 neque
2899 2174 3070 2227 solum
3096 2173 3310 2239 Filium,

1739 2255 1912 2308 neque
1935 2239 2106 2293 solum
2158 2239 2410 2308 Spiritum
2462 2251 2723 2306 sanctum,
2758 2239 2851 2296 sed
2891 2244 3047 2298 simul
3103 2243 3317 2300 Patrem

1740 2320 1793 2363 et
1816 2309 2004 2364 Filium
2032 2317 2088 2364 et
2116 2308 2367 2376 Spiritum
2402 2321 2639 2366 sanctum
2675 2327 2794 2367 esse
2816 2312 3088 2377 diximus;
3116 2328 3312 2367 caven-

1737 2379 1863 2434 dum
1894 2388 1994 2442 est,
2028 2395 2094 2432 ne
2108 2381 2258 2452 sicut
2288 2379 2498 2435 Patrem
2525 2391 2579 2435 et
2604 2381 2794 2436 Filium
2817 2391 2870 2452 et
2911 2382 3164 2452 Spiritum
3192 2398 3314 2438 san-

1739 2460 1882 2504 ctum
1911 2466 2073 2502 unttm
2108 2449 2270 2502 Deum
2323 2465 2462 2514 esse.
2509 2462 2764 2520 quantum
2791 2451 2857 2506 ad
2900 2449 3194 2507 naturalem
3226 2459 3318 2508 ato

1741 2521 1871 2574 tinet
1914 2520 2164 2592 unitatem
2191 2520 2230 2585 ³,
2265 2523 2523 2592 veraciter
2544 2521 2767 2592 dicimus
2792 2523 2915 2592 ;Vsic
2958 2537 3078 2578 eum
3103 2522 3193 2592 qui
3221 2522 3316 2578 Pa-

1739 2598 1820 2644 ter
1843 2598 1944 2655 est,
1973 2590 2226 2660 cumdgin
2249 2588 2330 2642 vel
2360 2587 2574 2655 Filium,
2609 2591 2692 2645 vel
2741 2591 2996 2660 Spiritum
3027 2587 3310 2657 sanctum;

1737 2669 1829 2713 aut
1852 2675 1971 2714 eum
1999 2660 2087 2728 qui
2131 2657 2296 2712 Filius
2336 2669 2434 2730 est,
2470 2661 2604 2730 sive
2657 2657 2865 2715 Patrem
2901 2662 3014 2717 sive
3054 2662 3314 2730 Spiritum

1738 2740 1981 2784 sanctum
2009 2746 2021 2786 ς
2053 2737 2141 2800 aut
2167 2729 2406 2800 eumqui
2461 2729 2687 2798 Spiritus
2738 2740 2954 2786 sanctus
2988 2729 3222 2800 proprie
3255 2729 3313 2800 iu

1737 2799 2073 2854 confessione
2115 2798 2267 2868 hujus
2295 2797 2570 2854 Trinitatis
2617 2800 2830 2865 dicitur,
2865 2801 2947 2856 vel
2987 2797 3199 2856 Patrem
3222 2797 3314 2854 vel

1738 2870 1927 2941 Filium
1959 2868 2308 2941 p'monaliter
2333 2869 2510 2924 dicere
2561 2871 2671 2925 sive
2699 2869 2940 2938 credere,
2971 2870 3111 2941 quod
3136 2868 3314 2926 omni-

1740 2956 1808 2994 no
1838 2940 1980 2994 nel‘as
2012 2950 2109 3002 ist-1.,
2139 2938 2448 2994 audeamus.

1809 3012 1862 3065 Il.
1894 3010 2050 3064 Fides
2075 3011 2214 3063 enim
2258 3025 2416 3077 quam
2443 3011 2610 3064 sancti
2641 3009 2963 3065 Patriarchm
2986 3019 3144 3080 atque
3181 3009 3314 3065 Pro.

1739 3081 1912 3150 phetae
1944 3089 2067 3134 ante
2095 3081 2506 3134 incarnationem
2534 3080 2651 3134 Filii
2698 3081 2789 3135 Dei
2815 3080 3063 3135 divinitus
3089 3093 3311 3150 accepe-

1738 3149 1880 3215 runt,
1920 3167 2077 3220 quam
2118 3151 2276 3204 etiam
2327 3151 2493 3204 sancti
2538 3150 2775 3217 Apostoli
2827 3150 2894 3205 ab
2926 3151 3041 3220 ipso
3089 3149 3315 3220 Domino

1739 3223 1792 3275 in
1821 3219 1980 3276 carne
2009 3221 2182 3290 posito
2205 3220 2502 3291 audierunt,
2521 3231 2574 3275 et
2597 3220 2821 3290 Spiritus
2850 3219 3018 3291 sancti
3057 3219 3312 3291 magiste-

1740 3292 1818 3345 rio
1836 3291 2097 3354 instructi,
2127 3305 2232 3344 non
2260 3290 2432 3344 solum
2458 3305 2704 3346 sermone
2749 3290 3188 3358 prmdicaxerunt,
3219 3303 3313 3345 ve-

1740 3378 1854 3415 rum
1877 3362 2034 3416 etiam
2071 3361 2136 3414 ad
2184 3361 2588 3415 instructionem
2617 3361 3019 3414 saluberrimam
3069 3368 3314 3428 postero—

1739 3448 1855 3486 rum
1915 3431 2127 3499 scriptis
2163 3431 2272 3484 suis
2307 3431 2523 3484 inditam
2563 3432 2909 3500 reliquerunt,
2957 3444 3118 3500 unum
3149 3431 3316 3485 Deum

1740 3501 1991 3569 praedicat
2030 3497 2370 3565 Trinitatem,
2422 3500 2473 3554 id
2511 3510 2613 3563 est,
2665 3497 2874 3555 Patrem
2929 3509 2984 3555 et
3029 3497 3220 3554 Filium
3256 3506 3314 3569 ei

1740 3567 1995 3640 Spiritum
2026 3581 2288 3625 sanctum.
2340 3571 2445 3624 Sed
2484 3571 2714 3624 Trinitas
2759 3586 2886 3626 vera
2931 3587 3034 3624 non
3076 3577 3236 3640 esset,
3267 3567 3318 3624 si

1739 3638 1839 3696 una
1882 3642 2174 3710 eademque
2216 3655 2442 3710 persona
2488 3640 2756 3696 diceretur
2775 3641 2932 3696 Pater
2974 3649 3028 3695 et
3073 3638 3236 3710 Filius
3259 3645 3318 3692 et

1739 3713 1967 3779 Spiritus
1993 3708 2233 3764 sanctus:
2277 3711 2330 3764 Si
2367 3709 2499 3767 enim
2530 3712 2666 3766 sicut
2693 3721 2774 3766 est
2817 3711 2988 3765 Patris
3019 3719 3073 3764 et
3113 3708 3228 3762 Filii
3259 3715 3321 3763 et

1740 3782 1964 3851 Spiritus
1993 3782 2159 3836 sancti
2191 3797 2294 3835 una
2323 3783 2638 3840 suastantia.
2669 3782 2746 3834 sic
2772 3791 2911 3851 esset
2937 3795 3038 3834 una
3063 3793 3316 3846 persona,

1741 3850 1868 3906 nihil
1889 3853 2105 3904 omnino
2121 3861 2282 3912 esset,
2304 3852 2354 3903 in
2373 3868 2477 3920 quo
2491 3853 2751 3905 veraciter
2768 3850 2997 3920 Trinitas
3018 3850 3333 3920 diceretur-

1743 3923 1946 3977 Rursus
1991 3922 2222 3974 'I‘rinitas
2250 3919 2459 3988 quidem
2513 3937 2636 3976 vera
2683 3930 2844 3981 esset,
2893 3919 2986 3974 sed
3018 3934 3154 3974 unus
3177 3919 3318 3974 Deus

1742 3993 1973 4046 Trinitas
2001 3994 2107 4059 ipsa
2160 4007 2262 4043 non
2303 4000 2464 4054 esset,
2513 3992 2556 4044 si
2596 3989 3040 4058 quemadmodum
3088 3989 3320 4059 Pateret

1741 4063 1907 4116 Filius
1932 4072 1985 4113 et
2012 4058 2236 4131 Spiritus
2258 4068 2472 4131 sanctus
2495 4075 2840 4131 personarum
2862 4068 2979 4112 sunt
2996 4059 3061 4112 ad
3086 4058 3319 4113 invicem

1741 4128 2068 4201 proprietate
2095 4130 2347 4201 distincti,
2375 4130 2467 4201 sic
2504 4128 2726 4201 fuissent
2772 4139 3075 4201 naturarum
3105 4140 3321 4196 quoque

1741 4198 2047 4256 diversitate
2085 4200 2322 4253 discreti.
2367 4199 2470 4252 Sed
2494 4200 2614 4268 quia
2659 4200 2712 4252 in
2761 4199 2848 4251 illo
2900 4213 3003 4251 uno
3040 4198 3148 4268 Deo
3188 4210 3321 4268 vero

1744 4273 2020 4335 Trinitate,
2050 4286 2152 4324 non
2202 4270 2371 4323 solum
2402 4266 2540 4337 quod
2573 4285 2708 4322 unus
2743 4269 2880 4322 Deus
2903 4276 3005 4334 est,
3037 4266 3129 4321 sed
3154 4266 3321 4320 etiam

1743 4343 1882 4410 quod
1912 4342 2139 4395 Trinitas
2181 4349 2283 4403 est,
2312 4340 2618 4393 naturaliter
2640 4354 2828 4410 gerum
2873 4347 2986 4403 est;
3041 4345 3322 4410 propterea

1743 4407 1858 4482 ipse
1888 4427 2044 4466 verus
2073 4411 2210 4465 Deus
2253 4411 2308 4482 in
2355 4411 2592 4482 personis
2637 4408 2872 4463 Trinitas
2899 4417 3000 4468 est,
3044 4416 3098 4482 et
3133 4407 3184 4459 in
3213 4419 3322 4460 una

1745 4477 1930 4536 natura
1963 4496 2098 4534 unus
2126 4490 2226 4535 est.
2252 4477 2366 4534 Peri
2395 4479 2530 4534 hanc
2570 4482 2821 4533 unitatem
2859 4477 3150 4532 naturalem
3179 4484 3322 4529 totus

1744 4552 1902 4606 Pater
1924 4554 1977 4605 in
2009 4551 2142 4605 Filio
2167 4561 2220 4604 et
2246 4551 2445 4620 Spiritu
2492 4558 2675 4603 sancto
2702 4559 2801 4613 est,
2826 4557 2877 4602 et
2913 4545 3245 4620 totusFilius
3265 4545 3322 4600 in

1747 4623 1903 4676 Patre
1944 4630 1998 4675 et
2055 4621 2253 4688 Spiritu
2288 4617 2485 4675 sancto
2530 4630 2630 4681 est,
2662 4627 2909 4687 totusque
2935 4617 3164 4688 Spiritus
3192 4629 3319 4668 san-

1744 4700 1860 4746 ctus
1887 4693 1938 4746 in
1981 4687 2135 4745 Patre
2162 4701 2215 4744 et
2265 4692 2318 4744 in
2369 4691 2503 4745 Filio
2553 4697 2653 4744 est.
2708 4688 2895 4743 Nullus
2941 4687 3132 4741 horum
3170 4693 3324 4741 extra

1746 4763 2038 4830 quemlibet
2118 4762 2353 4830 ipsorum
2426 4759 2702 4828 estzquia
2758 4773 2914 4830 nemo
2995 4756 3326 4830 alinm__aut

1747 4824 1999 4902 pra‘cedit
2069 4824 2400 4894 aeternitate,
2477 4824 3322 4902 aut—excedit_magnitudiue_,

1748 4893 1838 4956 aut
1894 4911 2108 4971 superat
2159 4893 2434 4969 potestate.
2490 4898 2621 4971 Quia
2689 4912 2787 4952 nec
2865 4893 3150 4971 Filio'nec
3203 4893 3328 4971 Spi-

1746 4973 1850 5027 ritu
1919 4967 2437 5040 sancto,‘quantum
2511 4967 2579 5040 ad
2631 4977 2833 5022 natura:
2883 4968 3076 5040 divitia:
3145 4968 3326 5020 unita.

1751 5053 1854 5098 tem
1907 5042 2133 5106 pertinet
2161 5038 2206 5104 ,⁷
2245 5049 2336 5092 aut
2393 5039 2626 5094 anterior
2678 5047 2768 5092 aut
2815 5038 2985 5108 major
3014 5038 3168 5090 Pater
3201 5044 3327 5108 est;

1750 5129 1847 5168 nec
1869 5112 1987 5166 Filii
2010 5111 2280 5165 aeternitas
2313 5116 2469 5177 atque
2515 5109 2862 5174 immensitas,
2899 5106 3042 5161 velut
3093 5106 3331 5177 anterior

1749 5194 1840 5237 aut
1885 5183 2072 5250 major,
2124 5180 2348 5248 Spiritus
2389 5176 2558 5233 Sancti
2596 5179 2944 5232 aeternitatem
2991 5176 3327 5250 immensita-

1751 5248 2064 5322 temqueaut
2087 5250 2388 5322 praecedere
2410 5258 2501 5303 aut
2517 5250 2775 5304 excedere
2798 5248 3109 5322 naturaliter
3128 5252 3324 5322 βρίσει.

1750 5315 1899 5380 Sicui
1913 5338 2040 5391 erga
2064 5315 2161 5376 nec
2199 5321 2364 5376 Filius
2415 5321 2676 5389 posterior
2701 5329 2792 5373 aut
2823 5320 2996 5391 minor
3022 5326 3105 5370 est
3152 5315 3327 5391 Eure,

1752 5395 1824 5450 ita
1843 5410 1941 5449 nec
1961 5381 2190 5463 Spiritus
2217 5381 2432 5446 sanctus
2457 5391 2724 5463 posterior
2741 5397 2830 5442 aut
2865 5389 3038 5463 minor:
3061 5381 3325 5463 estuFilio.

1752 5451 2034 5520 Eternuin
2085 5463 2278 5534 quippe
2318 5469 2374 5516 et
2424 5451 2540 5534 sine
2571 5460 2725 5534 initio
2757 5466 2872 5522 est,
2901 5453 3041 5524 quod
3071 5451 3331 5534 Fiiiusde

1753 5536 1927 5592 Patris
1954 5531 2139 5590 natura
2169 5531 2324 5588 natus
2353 5531 2610 5587 exstitit':
2640 5539 2693 5584 et
2715 5537 2972 5582 aeternum
2994 5537 3058 5578 ac
3103 5531 3221 5577 sine
3246 5531 3331 5576 in-

1819 5652 1835 5681 ί
1862 5659 1988 5710 MSS.,
2014 5647 2256 5699 Dominus.

1818 5714 1841 5744 ³
1858 5707 2164 5761 Οοτὶὶθίθοεὶε
2183 5716 2287 5768 Ms.,
2308 5707 2571 5774 veritatem.
2605 5770 2613 5774 Α
2689 5761 2720 5774 η

1821 5776 1842 5807 ³
1864 5757 1937 5824 sic
1949 5757 2490 5842 iussisiexletlitagister
2507 5761 2882 5823 sontelﬁarum,
2913 5763 3128 5813 sentem.
3149 5759 3196 5823 1,
3218 5757 3336 5819 dist.

1760 5836 1837 5886 l9.
1864 5843 1920 5888 At
1943 5835 2076 5894 editi,
2099 5835 2278 5884 existit.
