3860 6284
92 401 179 457 785
1175 400 1377 455 LIBER
1414 400 1503 455 DE
1539 398 1642 456 SP1

1763 398 1806 456 U
1850 400 1936 457 ET
1976 403 2207 459 ANIMA.

91 514 258 572 crescit
283 522 335 567 et
363 512 642 584 humanam
686 510 911 584 formam
952 512 1003 566 in
1033 521 1187 567 utero
1212 515 1431 584 recipit,
1465 515 1641 583 prius-

90 602 226 659 quam
241 584 478 659 animiam
504 583 810 659 rationalem
832 583 1069 659 recipiat.
1084 584 1228 639 Sicut
1242 583 1400 638 etiam
1415 585 1641 659 virgulta

89 653 133 711 et
152 655 329 709 herbas
354 654 471 707 sine
496 653 696 708 anima‘
721 654 923 708 moveri
948 663 1003 709 et
1029 656 1415 710 incrementum
1449 653 1645 711 habere

89 727 322 780 videmus.
367 724 565 793 Duplex
601 733 684 796 est
725 723 944 796 quidem
978 724 1085 780 vita
1130 726 1349 792 animae;
1396 725 1497 780 alia
1539 741 1643 796 qua

86 798 196 852 vivit
220 798 277 867 in
295 810 477 859 carne,
508 804 558 848 et
581 794 683 848 alia
707 809 813 865 qua
843 794 973 849 vivit
999 796 1048 848 in
1079 796 1209 849 Deo.
1240 796 1357 851 Duo
1381 794 1643 867 siquidem

87 872 128 921 in
154 866 353 921 homine
380 878 570 920 sensus
596 875 749 929 sunt,
783 880 920 921 unus
948 866 1201 932 interior,
1243 876 1297 921 et
1326 866 1463 922 unus
1488 876 1643 922 exte-

85 938 207 1001 rior,
248 946 301 991 et
330 945 547 1008 uterque
572 936 768 1008 bonum
786 952 948 1008 suum
982 937 1139 992 habet
1166 938 1218 991 in
1258 953 1363 1008 quo
1387 937 1639 992 reﬁcitur.

86 1009 260 1064 Sensus
285 1007 505 1061 interior
524 1006 761 1061 reﬁcitur
782 1007 834 1061 in
855 1006 1302 1077 contemplatione
1330 1008 1640 1072 divinitatis,

86 1093 251 1133 sensus
278 1078 513 1132 exterior
541 1077 591 1131 in
622 1078 1071 1147 contemplatione
1111 1080 1473 1133 humanitatis.
1506 1078 1639 1133 Pro-

87 1160 241 1220 pterea
266 1150 402 1202 enim
435 1149 571 1203 Deus
600 1148 762 1202 homo
789 1147 957 1203 factus
976 1157 1077 1213 est,
1102 1158 1158 1220 ut
1178 1158 1345 1204 totum
1371 1150 1641 1220 hominem

87 1218 127 1273 in
152 1236 204 1274 se
231 1220 553 1274 beatiticaret
574 1260 590 1283 ,
635 1229 687 1274 et
714 1226 821 1273 tota
843 1220 1121 1273 conversio
1149 1219 1379 1274 hominis
1407 1228 1550 1275 esset
1574 1218 1643 1274 ad

86 1293 231 1359 ipsum
251 1332 265 1355 ,
292 1298 345 1343 et
371 1299 482 1343 tota
510 1289 723 1343 dilectio
747 1288 978 1344 hominis
1002 1300 1145 1345 esset
1187 1291 1241 1345 in
1282 1291 1397 1359 ipso
1415 1332 1430 1356 ,
1460 1305 1582 1345 cum
1609 1305 1641 1344 a

86 1377 218 1415 sensu
244 1360 416 1414 carnis
444 1359 713 1414 videretur
740 1374 836 1428 per
862 1376 1099 1427 carnem,
1128 1370 1182 1415 et
1203 1376 1235 1415 a
1259 1376 1421 1416 sensu
1449 1360 1643 1414 mentis

86 1432 325 1485 videretur
349 1447 443 1499 per
469 1430 760 1491 divinitatis
782 1431 1303 1500 contemplationem.
1336 1431 1444 1485 Hoc
1463 1441 1641 1485 autem

86 1512 177 1555 erat
203 1510 363 1555 totum
394 1501 591 1557 bonum
623 1500 887 1564 hominis,
919 1510 976 1556 ut
999 1503 1111 1557 sive
1141 1502 1515 1572 ingrederetur:
1529 1502 1642 1555 sive

88 1572 435 1641 egrederetur,
481 1587 671 1641 pascua
716 1572 766 1626 in
814 1573 1011 1627 factore
1040 1587 1137 1627 suo
1166 1570 1637 1642 inveniretUaan.

92 1661 134 1703 ι,
158 1644 241 1712 9);
275 1657 466 1708 pascua
498 1642 625 1697 foris
654 1642 704 1696 in
732 1658 893 1697 carne
920 1643 1229 1709 Salvatoris,
1257 1653 1311 1697 et
1338 1657 1530 1713 pascua
1556 1642 1641 1696 in-

89 1724 154 1767 tus
177 1714 222 1766 in
247 1713 523 1767 divinitate
551 1713 839 1768 Creatoris.
882 1713 995 1769 Hoc
1039 1714 1235 1768 bonum
1276 1729 1524 1781 magnum
1552 1728 1641 1768 se-

88 1794 236 1865 cutum
264 1792 345 1838 est
370 1785 604 1865 malum;
648 1784 1304 1865 quoniaiu‘perditobono
1326 1784 1469 1854 quod
1496 1784 1641 1865 intus

87 1863 210 1919 emt,
237 1868 446 1924 egressa
482 1863 564 1909 est
588 1853 766 1909 anima
795 1853 861 1909 ad
905 1855 1043 1909 bona
1088 1854 1261 1909 aliena
1284 1897 1298 1919 ,
1349 1853 1467 1925 quae
1514 1854 1643 1908 foris

90 1935 237 1987 erant;
278 1936 329 1979 et
370 1934 582 1994 pactum
612 1926 733 1980 fecit
776 1940 897 1979 cum
941 1925 1380 1980 delectationibus
1424 1925 1601 1979 saeculi
1625 1965 1640 1986 ,

91 1996 393 2065 requiescens
414 2011 577 2065 super
605 1996 745 2059 illas,
775 2012 881 2051 non
902 1996 1181 2050 attendens
1206 1996 1498 2050 absentiam
1519 1996 1642 2049 boni

90 2067 151 2119 sui
176 2066 449 2131 interioris,
482 2081 550 2121 eo
586 2066 727 2136 quod
752 2067 1145 2121 consolationes
1169 2080 1293 2121 suas
1318 2075 1563 2136 cerneret
1586 2066 1641 2119 in

94 2137 217 2191 bonis
237 2138 437 2191 alienis.
461 2135 745 2191 Namcum
775 2138 1008 2191 exterior
1034 2152 1224 2192 sensus
1250 2137 1478 2190 carnalis
1500 2135 1643 2191 bono

94 2222 170 2258 suo
188 2208 358 2270 utitur,
378 2208 605 2262 interior
625 2222 814 2262 sensus
834 2211 1029 2262 mentis
1046 2206 1199 2277 quasi
1217 2207 1503 2261 obdormit.
1524 2206 1641 2261 Non

95 2278 205 2360 enim
227 2277 509 2360 cognoscit
523 2278 662 2332 bona
685 2279 1188 2360 interiorissensus,
1206 2279 1294 2360 qui
1313 2278 1644 2360 iucunditate

96 2347 315 2419 bonorum
343 2350 670 2403 exteriorum
691 2350 918 2417 capitur.
942 2347 1074 2404 Nam
1102 2350 1190 2419 qui
1223 2347 1273 2402 in
1303 2364 1466 2403 carne
1492 2348 1639 2415 vivit,

96 2417 132 2469 in
157 2433 299 2473 carne
321 2421 522 2486 sentit,
570 2428 623 2475 et
667 2420 881 2476 dolores
920 2420 1097 2474 carnis
1119 2417 1276 2489 Tugit
1304 2420 1355 2473 in
1386 2428 1641 2489 quantum

96 2497 254 2561 potest,
295 2490 515 2545 vulnera
566 2500 743 2545 autem
789 2490 981 2545 anima:
1020 2504 1242 2561 prorsus
1283 2490 1509 2561 ignorat,
1544 2503 1646 2545 nec

98 2559 375 2614 medicinam
401 2562 596 2630 quaerit
624 2562 677 2616 in
704 2562 801 2616 eis.
830 2562 960 2615 Cum
1007 2559 1185 2616 autem
1216 2559 1454 2614 mortuus
1483 2559 1645 2614 fuerit

95 2643 248 2701 sensus
267 2631 455 2685 anima:
482 2674 495 2695 ,
534 2648 642 2701 quo
678 2633 807 2686 vivit
832 2634 884 2686 in
913 2646 1094 2698 carne,
1129 2641 1254 2685 tunc
1278 2631 1532 2685 viviﬁcari
1564 2631 1645 2684 in-

97 2700 226 2773 ciniet
257 2716 445 2773 sensus
490 2700 613 2766 ille,
660 2719 767 2773 quo
804 2703 964 2757 sentit
1011 2702 1376 2771 semetipsum,
1421 2711 1476 2756 et
1517 2710 1645 2756 tunc

103 2770 208 2824 sciet
240 2771 447 2827 dolores
492 2788 643 2837 suos,
678 2770 743 2828 'et
783 2774 984 2827 sentire
1030 2770 1245 2842 incipiet
1285 2774 1503 2827 vulnera
1548 2786 1645 2827 sua

99 2847 215 2915 tanto
239 2844 441 2915 gravius
467 2856 671 2914 quanto
710 2843 945 2914 propius.
993 2842 1157 2915 Magis
1179 2844 1321 2898 enim
1348 2844 1501 2915 obest
1528 2858 1644 2915 ma-

102 2909 185 2963 lum
205 2909 350 2985 quod,
370 2924 451 2968 est
484 2909 662 2985 inagis
678 2909 967 2985 jiciiium;
1012 2909 1276 2984 et'magis
1304 2914 1522 2985 prodest
1549 2913 1646 2968 bo-

102 2994 198 3033 num
225 2984 355 3053 quod
385 2984 557 3055 magis
585 2984 959 3040 estihtimum.

156 3075 472 3150 CtAPIiTX.
541 3076 792 3150 Spiritus1
820 3076 900 3150 (ᾳ)
925 3076 1155 3150 Spiritus
1215 3076 1647 3150 diciturtmultis

105 3146 259 3219 modis.
287 3147 486 3202 Dicitur
510 3146 993 3219 namqneSpir'itus
1034 3149 1203 3215 Deus,
1233 3158 1288 3203 et
1312 3164 1404 3203 aer
1434 3148 1562 3211 iste,
1594 3157 1649 3203 et

106 3215 227 3270 ﬂatus
260 3219 392 3273 aeris
420 3218 511 3289 qui
552 3232 584 3271 a
626 3215 1074 3288 corde—receptus
1110 3232 1163 3273 et
1209 3220 1331 3275 inde
1354 3234 1448 3289 per
1476 3228 1645 3273 totum

106 3302 263 3355 corpus
284 3290 508 3343 emissus
538 3290 842 3343 mortalium
867 3290 1026 3343 vitam
1053 3290 1178 3344 ﬂatu
1201 3290 1503 3345 necessario
1519 3305 1649 3344 con-

110 3357 229 3430 tinet.
256 3358 351 3413 Iste
376 3368 554 3414 tamen
586 3359 802 3428 spiritus
823 3362 968 3430 jure’
984 3362 1158 3413 anima
1188 3360 1293 3416 dici
1322 3375 1426 3413 non
1444 3370 1642 3429 potest,

110 3428 201 3495 quia
232 3431 358 3484 aeris
386 3431 644 3485 varietate
670 3428 1001 3486 dissolvitur.
1042 3431 1240 3485 Dicitur
1278 3428 1496 3500 spiritus
1527 3433 1645 3487 ani-

113 3512 193 3571 ma,
218 3500 319 3555 sive
343 3500 597 3564 hominis,
626 3501 739 3556 sive
766 3502 994 3571 pecoris.
1027 3502 1230 3556 Dicitur
1253 3502 1469 3571 spiritus
1496 3520 1649 3561 mens

112 3570 365 3642 rationalis,
394 3572 483 3626 ubi
511 3579 598 3627 est
622 3570 863 3642 quaedam
903 3572 1133 3627 scintilla
1169 3570 1419 3642 tanquam
1463 3574 1648 3632 oculus

114 3640 279 3713 snitum,
322 3643 385 3697 ad
424 3657 589 3713 quem
637 3640 867 3713 pertinet
909 3642 1125 3713 imago'
1168 3652 1223 3703 et
1257 3640 1487 3713 cognitio
1531 3646 1639 3702 Dei.

115 3707 268 3786 Oculus
301 3707 485 3767 animae
529 3721 615 3768 est
638 3707 788 3786 tuens
812 3712 882 3786 ab
905 3707 1051 3786 omni
1075 3707 1459 3786 corporisiabe
1485 3732 1644 3786 pura,

118 3782 271 3853 mentis
296 3792 542 3853 aspectus
572 3794 655 3839 est
684 3785 837 3848 ratio,
873 3782 1355 3840 intellectus‘visio.
1386 3782 1509 3841 Tria
1536 3782 1648 3844 hmo

118 3852 229 3904 omni
250 3852 429 3926 animae
453 3855 758 3926 necessaria
784 3864 909 3926 sunt
932 3874 944 3907 :
970 3864 1026 3909 ut
1049 3870 1210 3911 sanos
1230 3858 1411 3911 oculos
1430 3856 1646 3926 habeat,

119 3927 159 3971 ut
189 3923 413 3991 aspiciat,
453 3936 514 3980 ut
558 3925 754 3980 videat.
795 3925 969 3982 Sanos
1007 3927 1192 3981 oculos
1239 3926 1421 3989 habet,
1461 3943 1581 3982 cum
1616 3923 1647 3984 a

121 3994 372 4071 [frondium
416 3995 800 4071 cupiditatibus
838 4006 924 4071 est
964 4006 1183 4067 purgata
1216 4006 1391 4071 atque
1419 4008 1646 4071 remota.

122 4060 311 4139 éSPiCii.
335 4081 455 4139 cum
484 4060 556 4121 in
587 4067 687 4139 Dei
726 4067 923 4139 lumine
960 4060 1425 4138 contemplationis
1467 4070 1650 4125 oculos

124 4128 222 4198 ﬁgit.
258 4133 439 4209 Videt,
496 4152 621 4191 cum
676 4137 729 4192 in
768 4138 855 4193 illa
904 4128 1351 4207 contemplatione
1391 4141 1652 4209 conspicit

125 4212 277 4266 quanta
302 4206 401 4260 sint
424 4208 617 4277 gaudia
636 4250 653 4274 ,
683 4218 877 4278 quanta
908 4206 1329 4279 l;t-titia,’quanta
1354 4206 1611 4266 securitas
1630 4252 1646 4277 ,

126 4282 276 4349 Quanta
299 4280 553 4332 serenitas
579 4319 594 4345 ,
629 4287 683 4332 et
708 4288 902 4348 quanta
927 4280 1252 4349 iucunditas.
1283 4280 1494 4335 Sanitas
1523 4279 1653 4337 facit

127 4337 237 4421 illsm
258 4359 483 4421 securam
504 4390 522 4415 ,
552 4337 819 4421 aspectus
840 4337 1068 4415 rectam,
1099 4350 1233 4403 visio
1259 4351 1488 4406 beatam.
1518 4353 1652 4408 Cum

129 4416 236 4491 enim
269 4416 414 4491 fuerit
444 4421 512 4475 ab
550 4416 694 4474 omni
740 4420 870 4476 faece
913 4421 1078 4476 libera
1106 4421 1432 4491 maculisque
1454 4421 1647 4489 diluta,

131 4488 226 4562 ιιξξιςξ
257 4490 572 4562 sedemque
614 4490 668 4544 in
712 4505 770 4545 se
809 4492 921 4562 ipsa
966 4492 1314 4547 libentissime
1348 4488 1556 4559 tenet‘,
1600 4488 1655 4549 ct

131 4550 229 4635 nihil
249 4558 333 4612 sibi
371 4550 554 4635 metuit
578 4602 593 4625 ,
625 4570 717 4635 aut
742 4550 977 4635 ullasua
1005 4563 1158 4632 culpa
1185 4550 1654 4635 quidquamangi-

134 4626 196 4673 tur
216 4635 302 4704 χει-
329 4638 442 4704 tunc
490 4632 692 4704 ingenti
736 4632 960 4703 quadam
1018 4644 1070 4688 et
1096 4626 1415 4690 incredibili
1464 4626 1654 4691 ﬁducia

135 4700 263 4774 pergit
283 4700 335 4774 in
379 4700 568 4767 Deum,
608 4702 660 4757 id
698 4700 799 4769 est,
844 4704 896 4758 in
945 4704 1113 4774 ipsam
1151 4705 1653 4774 contemplationem

137 4770 348 4847 seruatis;
388 4783 657 4847 aSpectum
686 4770 980 4847 tsiquidem‘
1008 4785 1214 4847 rectum
1256 4770 1497 4846 sequitur
1543 4777 1655 4847 ipsa

139 4839 237 4917 itS‘iO
258 4839 356 4906 Dei,
384 4839 471 4912 qui
497 4852 582 4917 est
611 4843 729 4917 linis
766 4839 1032 4916 aspectus.
1061 4845 1162 4917 _Sic
1195 4839 1370 4901 anima
1397 4847 1545 4917 prius
1562 4839 1659 4902 'sa-

141 4911 273 4988 [tilum
299 4911 465 4988 sanata
495 4911 881 4988 introducitur,
901 4915 1201 4988 introducta
1227 4911 1505 4972 reﬁcitur“.
1531 4918 1655 4988 Spi-

144 4980 242 5057 illius
272 4982 412 5037 etiam
437 4994 531 5057 test
555 4986 795 5057 quaedam
833 4987 915 5041 vis
943 4986 1134 5041 anima:
1154 5027 1169 5052 ,
1199 4997 1378 5043 mente
1404 4980 1655 5056 inferior,

144 5040 207 5130 {ibi
239 5040 586 5130 torporalium'
612 5071 791 5111 rerum
840 5040 1216 5113 similitudines
1265 5040 1655 5130 exprimuntur:

145 5108 222 5201 {se
244 5108 338 5201 ipse
358 5108 564 5201 spiritus
590 5108 783 5195 corpus
808 5138 910 5196 est,
942 5129 1034 5182 sed
1064 5131 1273 5198 corpori
1302 5108 1509 5184 sirmilis.
1530 5131 1659 5198 Quae

148 5194 252 5239 emm
274 5194 437 5259 spiritu
462 5194 737 5264 videntur,
769 5214 873 5253 non
897 5194 1025 5254 'sunt
1052 5194 1346 5270 corporalia
1371 5243 1385 5267 ,
1417 5201 1510 5257 sed
1538 5194 1661 5257 cor-

198 5404 213 5494 ζ
237 5413 648 5494 {‘35;__§!9<}9rdensi_s
670 5420 817 5483 addit,
841 5420 1021 5472 scilicet
1058 5420 1297 5473 rationali.

203 5470 217 5555 ἒ
239 5470 395 5555 ὲὲὲξῑξιοε
558 5482 689 5555 etw-

241 5532 352 5605 ἓιὲἓίὲν
372 5532 650 5605 inusitatio-

202 5593 219 5677 ;
243 5593 361 5677 emo
380 5593 857 5677 ιίρεῖριέεερηιε

244 5656 311 5733 ξίζῖ
334 5666 635 5733 liedatdeusis
658 5656 817 5727 addit,
841 5668 1022 5720 scilicet
1044 5683 1129 5733 per
1153 5668 1454 5733 sapientiam.

162 5709 259 5834 miti)
274 5722 325 5766 Ex
347 5709 817 5780 ιὼῘίΞῖιῖξεῖιῖᾜῖί
835 5709 1175 5804 ίξῖίίίξνξεῗωτξ

221 5831 230 5834 _
249 5792 322 5832 ’τοι
340 5782 554 5834 6.011.12-
580 5793 655 5834 15-
678 5800 804 5834 etex
831 5801 966 5834 liuor“
999 5795 1081 5834 hh-
1107 5796 1171 5834 rip.

249 5809 274 5832 Ὶ
287 5809 322 5826 ν.

163 5791 465 5904 ἰξυὲιιςὲῥϋὸωι.
483 5791 554 5855 12,
580 5793 656 5856 15,
678 5800 730 5844 et
745 5806 808 5842 ex
829 5801 969 5856 uug.,
996 5795 1082 5843 lib.
1107 5796 1171 5844 de
1192 5802 1496 5846 sacramento
1514 5795 1661 5858 Fidei,

1212 5732 1299 5791 225;
1342 5746 1405 5781 ex
1437 5732 1517 5781 lib.
1541 5733 1562 5781 1
1586 5739 1667 5783 So-

3231 418 3338 475 786

1824 512 2021 595 salibus
2062 515 2274 595 similia.
2323 515 2510 595 Facies
2548 519 2809 595 siquidem
2842 523 3070 579 hominis
3096 537 3149 581 et
3175 527 3331 582 nobis

1772 588 2047 639 'orinsecus
2074 594 2194 639 nota
2216 595 2316 651 est,
2348 596 2403 642 et
2432 588 2484 641 in
2512 588 2768 644 memoria
2800 602 2979 647 nostra
3010 594 3167 651 habet
3196 598 3333 651 ima-

1749 655 1925 734 ginem
1966 671 2149 734 suam,
2188 656 2578 734 incorporalem
2607 661 2860 734 quidem,
2893 664 2985 717 sed
3014 667 3225 734 corpori
3258 666 3335 722 si-

1749 724 2155 803 miiem._Mund.
2186 724 2397 798 quoque
2422 724 2856 803 iStiusmirabilis
2885 724 3245 803 pulchritudo,
3276 745 3335 793 ct

1748 796 1904 866 nobis
1948 796 2075 851 foris
2116 796 2325 866 praesto
2349 807 2464 864 est,
2496 800 2626 855 etin
2654 796 2910 857 memoria
2953 815 3135 861 nostra
3175 796 3336 861 habet

1749 865 2034 947 imaginem
2062 865 2212 947 suam
2235 908 2249 931 ,
2294 868 2682 947 incorporalem
2712 874 2925 947 quidem
2946 916 2965 947 ,
3000 876 3092 930 sed
3122 877 3339 947 corpori

1748 936 1998 1007 similem,
2029 938 2093 991 ad
2121 954 2280 1007 quam
2312 936 2637 996 recurrimus
2657 936 2777 997 cuin
2804 936 3000 999 clausis
3025 947 3194 1002 oculis
3213 936 3337 1002 eam

1748 1006 2062 1082 cogitamus.
2095 1006 2249 1082 Quod
2295 1008 2445 1082 enim
2476 1022 2559 1066 est
2599 1012 2667 1066 ad
2712 1016 2951 1082 corporis
2978 1031 3195 1070 sensum
3238 1018 3341 1071 ali-

1749 1076 1893 1146 quod
1926 1092 2121 1146 corpus
2151 1080 2204 1133 in
2231 1079 2349 1133 loco
2368 1120 2383 1145 ,
2434 1080 2534 1135 hoc
2561 1092 2644 1137 est
2670 1083 2737 1138 ad
2763 1076 2924 1139 animi
2952 1087 3121 1144 aciem
3150 1087 3342 1141 simili-

1751 1147 1879 1221 tudo
1929 1150 2171 1221 corporis
2234 1150 2284 1203 in
2347 1153 2602 1206 memoria
2637 1171 2650 1205 :
2681 1163 2737 1209 et
2793 1155 2935 1221 quod
2982 1168 3066 1210 est
3113 1158 3342 1213 intentio

1750 1218 2037 1297 voluntatis
2057 1219 2122 1297 ad
2146 1234 2339 1297 corpus
2363 1221 2536 1297 visum
2563 1218 2928 1297 visionemque
2955 1227 3335 1297 copulandam,

1751 1286 1851 1369 hoc
1895 1299 1977 1370 est
2020 1289 2207 1345 eadem
2243 1286 2479 1371 intentio
2525 1294 2811 1371 voluntatis
2841 1286 2929 1349 -ad
2976 1286 3340 1371 copulandani

1750 1364 2037 1429 imaginem
2066 1364 2339 1429 corporis,
2386 1373 2628 1430 quaeest
2668 1364 2720 1418 in
2765 1368 3019 1420 memoria
3048 1364 3104 1423 et
3132 1370 3340 1423 visione

1748 1430 2052 1509 cogitantis.
2086 1431 2428 1509 Ille_spiritus
2454 1433 2647 1488 dicitur
2678 1436 2846 1509 factus
2871 1437 2935 1490 ad
2954 1438 3253 1509 imaginem
3281 1448 3339 1493 et

1750 1500 2149 1575 similitudinem
2174 1501 2291 1575 Dei,
2312 1502 2361 1575 in
2379 1519 2486 1575 quo
2503 1514 2584 1559 est
2604 1507 2834 1575 cognitio
2855 1500 3103 1563 veritatis
3110 1521 3161 1564 et
3182 1524 3340 1563 amor

1748 1569 1979 1646 virtutis.
2004 1571 2188 1646 imago
2218 1569 2480 1646 siquidem
2520 1583 2603 1630 est
2628 1569 2697 1629 in'
2714 1578 3039 1646 cognitione,
3068 1590 3122 1633 et
3146 1579 3339 1633 simili-

1750 1639 1879 1713 tudo
1906 1640 1958 1693 in
1986 1639 2296 1713 dilectione.
2326 1643 2503 1713 Imago
2526 1687 2541 1711 ,
2574 1648 2694 1713 quia
2723 1639 3035 1713 ratiOnalisi
3061 1660 3115 1703 ct
3141 1648 3338 1704 simili-

1751 1709 1907 1785 tudo,
1950 1712 2071 1785 quia
2097 1712 2404 1785 spiritualis.
2437 1709 2622 1770 Haeret
2661 1717 2923 1785 siquidem
2952 1709 3160 1774 veritati
3189 1720 3338 1774 nulla

1750 1780 2066 1857 interposita
2096 1783 2409 1857 substantia.
2456 1780 2737 1857 Rationale
2776 1791 3046 1843 nostrum'
3069 1830 3083 1853 ,
3120 1805 3225 1857 quo
3253 1805 3342 1844 ra-

1750 1851 2086 1927 tiocinamur,
2104 1852 2464 1927 intelligimus,
2484 1865 2538 1911 et
2552 1856 2808 1927 sapimus,
2826 1851 3341 1927 spiritum’di'cimus.

1752 1920 1904 1995 [tunc
1928 1933 2104 1995 autem
2144 1920 2389 1995 Spiritum
2418 1920 2707 1995 Apostolus
2733 1920 2964 1983 mentem
2998 1939 3187 1995 vocat,
3214 1945 3341 1986 cum

1748 1991 1897 2072 dicit,
1928 1990 2267 2072 Renovantini
2285 1990 2478 2072 spiritu
2492 1998 2670 2072 mentis
2693 2008 2870 2052 vestra:
2892 1999 3105 2072 (Ep/tes.
3126 1990 3200 2063 ιγ’,
3217 1999 3339 2072 25);

1749 2060 1801 2115 id
1828 2073 1932 2125 est,
1965 2073 2163 2127 mente,
2197 2060 2329 2118 nihil
2356 2066 2497 2120 enim
2524 2066 2669 2121 aliud
2707 2076 2790 2123 est
2836 2060 3056 2135 spiritus
3105 2060 3339 2132 mentis,

1748 2147 1906 2200 quam
1938 2149 2092 2189 mens
2115 2151 2127 2187 :
2149 2134 2287 2189 sicut
2310 2150 2503 2206 corpus
2527 2137 2724 2203 carnis,
2753 2134 2885 2194 nihil
2906 2139 3049 2195 aliud
3070 2152 3153 2197 cSt
3178 2156 3343 2211 quam

1748 2217 1893 2256 caro.

1818 2272 2044 2347 CAPUT
2099 2274 2401 2347 XLLMens
2452 2278 2586 2331 unde
2638 2277 2793 2333 dicta.
2854 2279 3106 2347 Di/ferunt
3161 2298 3339 2336 sensus

1748 2344 2145 2421 scipiaginatio.
2186 2344 2447 2421 D_t'_m_ertsio
2484 2344 2999 2421 anintwt_Sapientia.
3032 2350 3340 2407 Prudentia.

1750 2412 1823 2487 (α)
1850 2412 1999 2487 Mens
2019 2424 2195 2487 autem
2213 2416 2406 2471 dicitur
2432 2432 2463 2471 a
2491 2430 2639 2485 μήνη.
2664 2412 2803 2482 Μήνῆ
2828 2431 3004 2476 autem
3026 2421 3234 2487 Graece,
3260 2424 3344 2476 la-

1751 2484 1859 2558 tine
1887 2484 2248 2558 diciturluna.
2278 2487 2345 2541 Et
2371 2484 2509 2543 sicut
2537 2490 2660 2544 luna
2684 2492 2877 2546 crescit
2900 2500 2955 2546 et
2978 2484 3259 2558 decrescit,
3286 2502 3346 2548 et

1748 2556 1892 2633 varia
1918 2555 2282 2633 vicissitudine
2303 2566 2557 2625 mutatur,
2582 2561 2633 2633 in
2657 2560 2707 2633 id
2730 2568 2907 2633 tamen
2929 2563 3070 2630 quod
3096 2561 3192 2617 l'uit
3210 2555 3346 2633 qua-

1748 2624 1869 2679 dam
1899 2625 2129 2694 perfecta
2161 2627 2394 2682 novitate
2419 2643 2477 2682 se
2502 2624 2732 2684 restituit
2761 2648 2775 2685 :
2805 2632 2882 2686 sic
2908 2624 3060 2686 mens
3087 2624 3346 2687 ntmc'ca-

1752 2706 1844 2768 put
1871 2697 2330 2768 summisinserit,
2358 2713 2499 2753 nunc
2523 2698 2723 2755 decidit
2746 2702 2796 2754 in
2822 2701 3024 2768 intima,
3054 2718 3195 2757 nunc
3221 2716 3346 2758 sese

1750 2765 1987 2854 reierens
2016 2765 2117 2854 sibi
2138 2768 2506 2854 ',.vleris_l'alsa
2536 2770 2837 2854 redarguit;
2868 2765 3031 2854 modo
3056 2770 3345 2854 aducorpo.

1750 2837 1876 2891 ralia
1906 2836 2133 2904 regenda
2163 2836 2482 2904 deﬂectitur,
2514 2840 2675 2895 modo
2696 2836 2911 2897 aeternis
2938 2842 3231 2898 rationibus
3246 2836 3345 2898 in-

1750 2908 2035 2982 Spiciendis
2058 2908 2140 2961 vel
2169 2909 2513 2982 consulendis
2535 2910 2871 2970 adhaerescit.
2902 2912 3053 2967 Ratio
3078 2912 3346 2982 siquidem

1750 2986 1834 3052 est
1868 2978 2061 3052 mentis
2094 2988 2341 3052 aspectus
2368 2994 2474 3049 quo
2503 2980 2699 3052 bonum
2734 2991 2790 3038 et
2822 2984 3020 3039 malum
3048 2978 3347 3052 discernit,

1751 3048 1973 3134 virtutes
1995 3048 2169 3130 eligit,
2193 3048 2464 3119 Deumque
2483 3050 2673 3134 diligit.
2696 3052 3235 3134 hiensuniveisorum
3252 3048 3348 3134 ca;

1754 3134 1884 3186 pax,
1916 3129 1971 3194 et
1993 3120 2233 3194 omnium
2264 3136 2442 3194 rerum
2478 3120 2824 3194 similitudine
2853 3124 3097 3194 insignita
3119 3166 3132 3188 ,
3161 3124 3349 3181 omnia

1752 3204 1872 3263 esse
1903 3190 2357 3263 diciturnaturali
2384 3192 2611 3263 quadam
2651 3195 2886 3263 potentia
2911 3190 2981 3249 et'
3002 3195 3229 3249 naturali
3254 3194 3348 3249 di-

1750 3259 1970 3333 gnitate.
2011 3258 2214 3315 Idcirco
2234 3258 2541 3333 invisibiles
2579 3258 2757 3317 rerum
2791 3279 2981 3320 causas
3020 3280 3116 3333 per
3144 3264 3349 3320 intelli-

1751 3330 1982 3400 gentiam
2013 3330 2448 3401 comprehendit,
2481 3341 2535 3388 et
2563 3333 2798 3389 visibiles
2830 3330 3116 3390 actualium
3144 3334 3350 3390 formas

1754 3414 1849 3469 per
1878 3416 2131 3475 sensuum
2161 3402 2435 3475 passiones
2457 3403 2771 3475 colligit.Et
2795 3406 2909 3460 sive
2938 3421 3035 3475 per
3062 3419 3253 3461 sensus
3275 3404 3350 3462 ad

1751 3471 2023 3545 sensibilia
2052 3480 2239 3539 exeat,
2271 3474 2513 3545 siveper
2536 3471 3029 3545 intelligentiam'ad
3058 3474 3351 3531 invisibilia

1751 3541 2224 3628 assentientem?)
2246 3541 2621 3628 είεηίιίιξξάίῑιθξ
2642 3541 2787 3628 es
2812 3548 2979 3628 ipsam
3002 3546 3185 3628 trahit.
3209 3560 3350 3628 emt

1752 3612 1921 3694 sentin
1948 3614 2240 3694 cognoscit,
2266 3614 2505 3694 absentia
2532 3615 2796 3694 intelligit,
2826 3612 3004 3694 ignota
3030 3612 3268 3694 inquirit,
3290 3626 3351 3674 et

1753 3682 1804 3737 in
1836 3682 2071 3755 inventis
2084 3693 2346 3739 versatur.
2375 3684 2650 3741 Rationale
2674 3682 2729 3741 et
2758 3682 3118 3743 intellectuale
3141 3682 3348 3755 lumen,

1752 3768 1858 3877 auo
1890 3754 2305 3819 ratiocinamur,
2344 3755 2688 3827 intelligimus
2715 3765 2771 3811 et
2805 3758 3077 3828 sapimus,
3108 3754 3351 3813 mentem

1793 3824 2005 3877 icimus.
2035 3840 2154 3877 qua:
2180 3824 2250 3877 ita
2278 3825 2416 3877 facta
2441 3835 2524 3877 est
2550 3826 2615 3877 ad
2648 3829 2930 3877 imaaiuem
2964 3828 3083 3877 Dei.
3113 3835 3171 3877 ut
3198 3827 3349 3877 nulla

1793 3824 2005 3887 icimus.
2035 3840 2154 3895 qua:
2180 3824 2250 3878 ita
2278 3825 2416 3880 facta
2441 3824 2615 3879 est'ad
2648 3824 2930 3895 imaginem
2963 3828 3083 3891 Dei,
3113 3835 3171 3882 ut
3198 3827 3349 3883 nulla

1753 3893 2068 3965 interposita
2108 3903 2290 3965 natura
2338 3897 2407 3950 ab
2449 3896 2559 3965 ipsa
2610 3893 2833 3951 veritate
2875 3898 3152 3952 formetur.
3196 3897 3349 3954 Mens

1752 3964 1982 4048 eiiim’ex
2006 3980 2071 4048 eo
2094 3964 2241 4047 dicta.
2253 3974 2337 4020 est
2357 3964 2498 4048 quod
2520 3968 2751 4048 emineat
2777 3968 2829 4021 in
2853 3968 3031 4022 anima
3050 3985 3081 4048 ε.
3097 3978 3349 4048 psestan-

1756 4035 1858 4088 tior
1886 4035 2155 4107 isiquidem
2193 4036 2273 4107 vis
2308 4035 2500 4107 animze
2529 4046 2644 4103 est,
2673 4052 2702 4089 a
2732 4052 2835 4107 qua
2871 4035 3110 4107 procedit
3144 4037 3347 4093 intelli-

1753 4106 1949 4176 gentia.
1982 4106 2085 4161 Per
2114 4105 2511 4176 intelligentiam
2548 4107 2726 4176 utique
2751 4105 2921 4174 ipsam
2949 4108 3228 4162 veritatem
3258 4108 3346 4163 in-

1756 4175 1938 4245 telligit
1957 4215 1971 4239 ,
2002 4190 2097 4244 per
2125 4176 2439 4245 sapientiam
2468 4175 2657 4246 diligit;
2695 4176 2962 4246 Sapientia
3000 4192 3232 4246 namque
3261 4186 3348 4235 est

1754 4261 1911 4319 amor
1930 4246 2057 4319 boni
2078 4247 2190 4300 sive
2216 4261 2379 4319 sapor
2400 4246 2545 4319 boni,
2569 4262 2599 4301 a
2624 4262 2816 4317 sapore
2840 4247 3103 4319 siquidem
3127 4246 3345 4319 dicitur.

1754 4316 1945 4400 Mentis
1964 4317 2097 4400 visio
2116 4316 2561 4400 estinteliigentia
2581 4333 2596 4381 ;
2620 4316 2823 4400 gustus,
2846 4316 3104 4400 sapientia
3126 4328 3227 4400 est.
3252 4318 3349 4400 Illa

1756 4387 2167 4456 contemplatur,
2198 4387 2297 4442 ista
2320 4387 2642 4442 delectatur.‘
2660 4389 2793 4443 Cum
2818 4389 2885 4444 ab
2913 4387 3254 4444 inferioribus
3278 4388 3349 4444 ad

1756 4458 2030 4529 superiora
2042 4458 2293 4529 volumus
2310 4459 2617 4525 ascendere,
2643 4460 2789 4529 prius
2808 4460 3039 4514 occurrit
3058 4459 3212 4514 nobis
3231 4474 3351 4515 sen-

1756 4527 1868 4599 sus,
1896 4527 2091 4584 deinde
2119 4528 2444 4598 imaginatio,
2472 4527 2659 4599 postea
2679 4531 2837 4597 ratio,
2866 4530 3167 4585 intellectus
3187 4538 3241 4583 et
3264 4530 3349 4583 in-

1759 4598 2070 4671 telligentia,
2091 4608 2146 4653 et
2168 4601 2218 4653 in
2241 4613 2450 4654 summo
2471 4598 2551 4671 est
2574 4600 2852 4671 sapientia.
2876 4601 3093 4671 Summa
3116 4614 3349 4669 namque
3380 4624 3387 4629 τ

1758 4670 2019 4740 sapientia
2053 4671 2165 4739 ipse
2195 4671 2336 4724 Deus
2364 4678 2465 4726 est.
2493 4670 2764 4739 Sapientia
2790 4670 3020 4725 hominis
3044 4679 3126 4724 est
3152 4671 3348 4740 pietas,

1760 4739 1811 4794 id
1840 4749 1922 4794 est
1941 4783 1956 4807 ,
1984 4740 2158 4795 cultus
2184 4740 2300 4795 Dei.
2328 4740 2526 4796 Sensus
2556 4756 2617 4795 ea
2651 4741 2732 4794 vis
2756 4741 2948 4811 animae
2969 4750 3082 4806 est,
3107 4739 3226 4811 qua:
3255 4756 3347 4796 re-

1760 4825 1878 4865 rum
1897 4826 2281 4891 corporearum
2296 4826 2591 4891 corporeas
2614 4810 2837 4891 percipit
2851 4811 2872 4843 ³
2894 4810 3093 4865 formas
3114 4810 3354 4881 praesen-

1763 4892 1861 4937 tes.
1897 4881 2205 4953 lmaginatio
2228 4889 2311 4935 est
2336 4881 2509 4953 cavis
2541 4881 2733 4953 anima:
2752 4921 2768 4947 ,
2796 4898 2917 4953 qua:
2944 4897 3124 4936 rerum
3158 4897 3354 4953 corpo-

1762 4968 1973 5007 rearum
1998 4950 2282 5020 corporeas
2307 4951 2531 5022 percipit
2555 4950 2775 5018 formas,
2802 4950 2899 5008 scd
2923 4954 3192 5008 absentes.
3218 4950 3355 5009 sen-

1762 5038 1854 5076 sus
1891 5037 2119 5092 namque
2158 5022 2353 5076 formas
2392 5022 2446 5076 in
2490 5022 2706 5076 materia
2752 5024 3001 5093 percipit,
3044 5023 3355 5093 imaginatio

1764 5103 1910 5147 extra
1937 5094 2213 5163 materiam
2243 5110 2257 5147 :
2281 5101 2335 5146 et
2360 5107 2422 5147 ea
2450 5093 2530 5147 vis
2555 5108 2684 5163 quze
2699 5094 2935 5149 exterius
2958 5093 3204 5157 formata,
3229 5109 3355 5148 sen-

1764 5179 1855 5217 sus
1878 5163 2089 5225 dicitur,
2110 5162 2296 5234 eadem
2324 5178 2489 5232 usque
2514 5162 2585 5216 ad
2610 5164 2853 5219 intimum
2874 5164 3137 5231 traducta,
3166 5164 3358 5234 imagi-

1766 5234 1911 5288 natio
1943 5244 2184 5305 vocatur.
2214 5232 2525 5305 lmaginatio
2555 5250 2784 5305 namque
2808 5235 2875 5290 de
2898 5251 3059 5291 sensu
3084 5232 3355 5305 oritur,_'et

1766 5303 2056 5376 secundum
2079 5303 2195 5374 ejus
2220 5303 2560 5361 diversitates
2582 5303 2747 5375 ipsius
2766 5321 2976 5376 quoque
3001 5314 3087 5376 est
3106 5303 3353 5376 variatio.

1766 5375 1927 5430 Multa
1976 5372 2125 5440 videt
2160 5376 2337 5430 anima
2381 5372 2685 5432 carnalibus
2727 5372 2936 5444 oculis,
2985 5374 3148 5430 multa
3189 5372 3355 5429 etiam

1836 5548 1852 5578 ί
1888 5544 2106 5595 Nonnulli
2128 5552 2258 5605 Mss,
2279 5544 2517 5597 Rationale
2539 5559 2649 5598 vero
2670 5552 2898 5597 nostrum.

1835 5610 1855 5639 ³
1889 5608 2021 5667 ωἱῐί,
2039 5608 2265 5670 inferens.

1838 5671 1858 5733 ξ
1890 5671 2010 5733 Editi
2034 5667 2112 5719 hic
2133 5679 2183 5720 et
2198 5682 2333 5733 mox,
2350 5667 2544 5733 recipit.

1835 5732 1907 5793 (α)
1938 5736 2003 5779 Ex
2021 5728 2395 5790 Cassiodoro,de
2415 5728 2604 5793 Auitua,
2630 5742 2766 5793 capp.
2796 5730 2840 5788 1,
2869 5729 2932 5790 7;
2969 5735 3093 5778 Isaac
3114 5740 3178 5793 ex
3200 5728 3361 5793 SteiL;

1777 5789 1859 5906 vix!
1866 5789 2090 5905 iiuggiiie
2103 5793 2167 5843 de
2192 5789 2373 5845 UuiOne
2396 5792 2610 5853 corporis
2626 5798 2677 5840 et
2691 5789 2925 5857 spiritus,
2940 5799 2991 5843 et
3014 5789 3247 5847 mcellan.
3270 5789 3361 5844 lib;

1816 5863 1915 5916 ,ιιι
1945 5863 2050 5905 159.
