  <div class='ocr_page' id='page_1' title='image "/cluster/home/n/w/nwhite01/storage/ocr_20150623/40/uva.x000669811/416.png"; bbox 0 0 3834 6276; ppageno 0'>
   <div class='ocr_carea' id='block_1_1' title="bbox 100 354 2211 421">
    <p class='ocr_par' dir='ltr' id='par_1_1' title="bbox 100 354 2211 421">
     <span class='ocr_line' id='line_1_1' title="bbox 100 354 2211 421; baseline -0.005 -1"><span class='ocrx_word' id='word_1_1' title='bbox 100 363 185 421; x_wconf 75' lang='grc'><strong>817</strong></span> <span class='ocrx_word' id='word_1_2' title='bbox 1169 355 1373 411; x_wconf 87' lang='lat' dir='ltr'><strong>LIBER</strong></span> <span class='ocrx_word' id='word_1_3' title='bbox 1414 355 1502 411; x_wconf 88' lang='lat' dir='ltr'><strong>DE</strong></span> <span class='ocrx_word' id='word_1_4' title='bbox 1544 354 1812 414; x_wconf 82' lang='lat' dir='ltr'><strong>SPlRlTU</strong></span> <span class='ocrx_word' id='word_1_5' title='bbox 1855 358 1942 414; x_wconf 85' lang='lat' dir='ltr'><strong>ET</strong></span> <span class='ocrx_word' id='word_1_6' title='bbox 1980 356 2211 414; x_wconf 76' lang='lat' dir='ltr'><strong>ANIMA.</strong></span> 
     </span>
    </p>
   </div>
   <div class='ocr_carea' id='block_1_2' title="bbox 100 472 1646 550">
    <p class='ocr_par' dir='ltr' id='par_1_2' title="bbox 100 472 1646 550">
     <span class='ocr_line' id='line_1_2' title="bbox 100 472 1646 550; baseline -0.003 -14"><span class='ocrx_word' id='word_1_7' title='bbox 100 475 333 550; x_wconf 86' lang='lat' dir='ltr'><strong>cognoscit</strong></span> <span class='ocrx_word' id='word_1_8' title='bbox 352 475 510 531; x_wconf 91' lang='lat' dir='ltr'><strong>homo</strong></span> <span class='ocrx_word' id='word_1_9' title='bbox 529 473 896 543; x_wconf 90' lang='lat' dir='ltr'><strong>semetipsum,</strong></span> <span class='ocrx_word' id='word_1_10' title='bbox 917 472 1260 550; x_wconf 73' lang='lat' dir='ltr'><strong>discutiamus</strong></span> <span class='ocrx_word' id='word_1_11' title='bbox 1277 474 1646 550; x_wconf 80' lang='lat' dir='ltr'><strong>cogitationes,</strong></span> 
     </span>
    </p>
   </div>
   <div class='ocr_carea' id='block_1_3' title="bbox 100 543 1647 617">
    <p class='ocr_par' dir='ltr' id='par_1_3' title="bbox 100 543 1647 617">
     <span class='ocr_line' id='line_1_3' title="bbox 100 543 1647 617; baseline -0.003 -11"><span class='ocrx_word' id='word_1_12' title='bbox 100 543 356 606; x_wconf 64' lang='lat' dir='ltr'><strong>locutiones</strong></span> <span class='ocrx_word' id='word_1_13' title='bbox 374 554 532 617; x_wconf 89' lang='lat' dir='ltr'><strong>atque</strong></span> <span class='ocrx_word' id='word_1_14' title='bbox 557 559 716 617; x_wconf 88' lang='lat' dir='ltr'><strong>opera</strong></span> <span class='ocrx_word' id='word_1_15' title='bbox 745 552 948 599; x_wconf 87' lang='lat' dir='ltr'><strong>nostra.</strong></span> <span class='ocrx_word' id='word_1_16' title='bbox 971 543 1277 617; x_wconf 84' lang='lat' dir='ltr'><strong>Quid_enim</strong></span> <span class='ocrx_word' id='word_1_17' title='bbox 1304 543 1523 617; x_wconf 73' lang='lat' dir='ltr'><strong>prodest</strong></span> <span class='ocrx_word' id='word_1_18' title='bbox 1547 561 1647 602; x_wconf 90' lang='lat' dir='ltr'><strong>no-</strong></span> 
     </span>
    </p>
   </div>
   <div class='ocr_carea' id='block_1_4' title="bbox 99 615 1646 688">
    <p class='ocr_par' dir='ltr' id='par_1_4' title="bbox 99 615 1646 688">
     <span class='ocr_line' id='line_1_4' title="bbox 99 615 1646 688; baseline -0.003 -11"><span class='ocrx_word' id='word_1_19' title='bbox 99 624 179 686; x_wconf 88' lang='lat' dir='ltr'><strong>bis,</strong></span> <span class='ocrx_word' id='word_1_20' title='bbox 215 619 256 676; x_wconf 89' lang='lat' dir='ltr'><strong>si</strong></span> <span class='ocrx_word' id='word_1_21' title='bbox 295 615 468 688; x_wconf 69' lang='lat' dir='ltr'><strong>reruni</strong></span> <span class='ocrx_word' id='word_1_22' title='bbox 517 615 753 672; x_wconf 92' lang='lat' dir='ltr'><strong>omnium</strong></span> <span class='ocrx_word' id='word_1_23' title='bbox 794 623 1009 688; x_wconf 81' lang='lat' dir='ltr'><strong>naturas</strong></span> <span class='ocrx_word' id='word_1_24' title='bbox 1053 615 1318 670; x_wconf 92' lang='lat' dir='ltr'><strong>subtiliter</strong></span> <span class='ocrx_word' id='word_1_25' title='bbox 1358 615 1646 688; x_wconf 83' lang='lat' dir='ltr'><strong>investige-</strong></span> 
     </span>
    </p>
   </div>
   <div class='ocr_carea' id='block_1_5' title="bbox 97 685 1646 758">
    <p class='ocr_par' dir='ltr' id='par_1_5' title="bbox 97 685 1646 758">
     <span class='ocr_line' id='line_1_5' title="bbox 97 685 1646 758; baseline -0.003 -10"><span class='ocrx_word' id='word_1_26' title='bbox 97 708 225 757; x_wconf 89' lang='lat' dir='ltr'><strong>mus,</strong></span> <span class='ocrx_word' id='word_1_27' title='bbox 269 687 550 745; x_wconf 83' lang='lat' dir='ltr'><strong>efﬁcaciter</strong></span> <span class='ocrx_word' id='word_1_28' title='bbox 586 685 1141 758; x_wconf 73' lang='lat' dir='ltr'><strong>comprehendamus,</strong></span> <span class='ocrx_word' id='word_1_29' title='bbox 1192 695 1247 742; x_wconf 90' lang='lat' dir='ltr'><strong>et</strong></span> <span class='ocrx_word' id='word_1_30' title='bbox 1288 685 1646 758; x_wconf 82' lang='lat' dir='ltr'><strong>nosmetipsos</strong></span> 
     </span>
    </p>
   </div>
   <div class='ocr_carea' id='block_1_6' title="bbox 97 757 1644 831">
    <p class='ocr_par' dir='ltr' id='par_1_6' title="bbox 97 757 1644 831">
     <span class='ocr_line' id='line_1_6' title="bbox 97 757 1644 831; baseline -0.003 -11"><span class='ocrx_word' id='word_1_31' title='bbox 97 780 180 820; x_wconf 88' lang='lat' dir='ltr'><strong>non</strong></span> <span class='ocrx_word' id='word_1_32' title='bbox 219 757 600 831; x_wconf 74' lang='lat' dir='ltr'><strong>intelligamus?</strong></span> <span class='ocrx_word' id='word_1_33' title='bbox 644 758 1025 831; x_wconf 81' lang='lat' dir='ltr'><strong>Examinemus</strong></span> <span class='ocrx_word' id='word_1_34' title='bbox 1079 772 1207 828; x_wconf 85' lang='lat' dir='ltr'><strong>ergo</strong></span> <span class='ocrx_word' id='word_1_35' title='bbox 1247 774 1366 831; x_wconf 75' lang='lat' dir='ltr'><strong>quae</strong></span> <span class='ocrx_word' id='word_1_36' title='bbox 1418 757 1644 831; x_wconf 84' lang='lat' dir='ltr'><strong>fecimus</strong></span> 
     </span>
    </p>
   </div>
   <div class='ocr_carea' id='block_1_7' title="bbox 94 827 1640 900">
    <p class='ocr_par' dir='ltr' id='par_1_7' title="bbox 94 827 1640 900">
     <span class='ocr_line' id='line_1_7' title="bbox 94 827 1640 900; baseline -0.003 -10"><span class='ocrx_word' id='word_1_37' title='bbox 94 849 201 900; x_wconf 89' lang='lat' dir='ltr'><strong>nos,</strong></span> <span class='ocrx_word' id='word_1_38' title='bbox 247 831 290 887; x_wconf 87' lang='lat' dir='ltr'><strong>si</strong></span> <span class='ocrx_word' id='word_1_39' title='bbox 333 827 622 886; x_wconf 79' lang='lat' dir='ltr'><strong>secundum</strong></span> <span class='ocrx_word' id='word_1_40' title='bbox 673 828 815 900; x_wconf 85' lang='lat' dir='ltr'><strong>quod</strong></span> <span class='ocrx_word' id='word_1_41' title='bbox 857 827 1168 900; x_wconf 77' lang='lat' dir='ltr'><strong>debuimus,</strong></span> <span class='ocrx_word' id='word_1_42' title='bbox 1208 827 1279 885; x_wconf 81' lang='lat' dir='ltr'><strong>ea</strong></span> <span class='ocrx_word' id='word_1_43' title='bbox 1318 830 1640 885; x_wconf 79' lang='lat' dir='ltr'><strong>fecerimus:</strong></span> 
     </span>
    </p>
   </div>
   <div class='ocr_carea' id='block_1_8' title="bbox 93 897 1643 969">
    <p class='ocr_par' dir='ltr' id='par_1_8' title="bbox 93 897 1643 969">
     <span class='ocr_line' id='line_1_8' title="bbox 93 897 1643 969; baseline -0.004 -9"><span class='ocrx_word' id='word_1_44' title='bbox 93 897 451 961; x_wconf 80' lang='lat' dir='ltr'><strong>consideremus</strong></span> <span class='ocrx_word' id='word_1_45' title='bbox 502 915 566 955; x_wconf 90' lang='lat' dir='ltr'><strong>ea</strong></span> <span class='ocrx_word' id='word_1_46' title='bbox 621 897 743 969; x_wconf 76' lang='lat' dir='ltr'><strong>quae</strong></span> <span class='ocrx_word' id='word_1_47' title='bbox 791 897 980 954; x_wconf 79' lang='lat' dir='ltr'><strong>facturi</strong></span> <span class='ocrx_word' id='word_1_48' title='bbox 1026 914 1246 966; x_wconf 88' lang='lat' dir='ltr'><strong>sumus,</strong></span> <span class='ocrx_word' id='word_1_49' title='bbox 1305 901 1351 954; x_wconf 90' lang='lat' dir='ltr'><strong>si</strong></span> <span class='ocrx_word' id='word_1_50' title='bbox 1400 901 1505 954; x_wconf 91' lang='lat' dir='ltr'><strong>sint</strong></span> <span class='ocrx_word' id='word_1_51' title='bbox 1553 916 1643 955; x_wconf 91' lang='lat' dir='ltr'><strong>se-</strong></span> 
     </span>
    </p>
   </div>
   <div class='ocr_carea' id='block_1_9' title="bbox 92 971 1642 1040">
    <p class='ocr_par' dir='ltr' id='par_1_9' title="bbox 92 971 1642 1040">
     <span class='ocr_line' id='line_1_9' title="bbox 92 971 1642 1040; baseline -0.002 -9"><span class='ocrx_word' id='word_1_52' title='bbox 92 975 289 1032; x_wconf 85' lang='lat' dir='ltr'><strong>cundum</strong></span> <span class='ocrx_word' id='word_1_53' title='bbox 319 973 506 1028; x_wconf 88' lang='lat' dir='ltr'><strong>Deum.</strong></span> <span class='ocrx_word' id='word_1_54' title='bbox 549 971 711 1026; x_wconf 87' lang='lat' dir='ltr'><strong>Valde</strong></span> <span class='ocrx_word' id='word_1_55' title='bbox 737 971 1002 1040; x_wconf 89' lang='lat' dir='ltr'><strong>siquidem</strong></span> <span class='ocrx_word' id='word_1_56' title='bbox 1039 979 1124 1026; x_wconf 87' lang='lat' dir='ltr'><strong>est</strong></span> <span class='ocrx_word' id='word_1_57' title='bbox 1158 971 1458 1030; x_wconf 89' lang='lat' dir='ltr'><strong>necessaria</strong></span> <span class='ocrx_word' id='word_1_58' title='bbox 1490 972 1642 1028; x_wconf 89' lang='lat' dir='ltr'><strong>nobis</strong></span> 
     </span>
    </p>
   </div>
   <div class='ocr_carea' id='block_1_10' title="bbox 91 1042 1640 1116">
    <p class='ocr_par' dir='ltr' id='par_1_10' title="bbox 91 1042 1640 1116">
     <span class='ocr_line' id='line_1_10' title="bbox 91 1042 1640 1116; baseline -0.003 -14"><span class='ocrx_word' id='word_1_59' title='bbox 91 1043 456 1116; x_wconf 86' lang='lat' dir='ltr'><strong>circumspectio</strong></span> <span class='ocrx_word' id='word_1_60' title='bbox 511 1042 955 1116; x_wconf 78' lang='lat' dir='ltr'><strong>examinationis;</strong></span> <span class='ocrx_word' id='word_1_61' title='bbox 1013 1050 1276 1116; x_wconf 80' lang='lat' dir='ltr'><strong>quatenus</strong></span> <span class='ocrx_word' id='word_1_62' title='bbox 1324 1057 1418 1112; x_wconf 87' lang='lat' dir='ltr'><strong>per</strong></span> <span class='ocrx_word' id='word_1_63' title='bbox 1473 1056 1640 1116; x_wconf 85' lang='lat' dir='ltr'><strong>expe-</strong></span> 
     </span>
    </p>
   </div>
   <div class='ocr_carea' id='block_1_11' title="bbox 91 1112 1640 1183">
    <p class='ocr_par' dir='ltr' id='par_1_11' title="bbox 91 1112 1640 1183">
     <span class='ocr_line' id='line_1_11' title="bbox 91 1112 1640 1183; baseline -0.003 -10"><span class='ocrx_word' id='word_1_64' title='bbox 91 1112 303 1174; x_wconf 74' lang='lat' dir='ltr'><strong>rientiam</strong></span> <span class='ocrx_word' id='word_1_65' title='bbox 339 1129 525 1169; x_wconf 90' lang='lat' dir='ltr'><strong>eorum</strong></span> <span class='ocrx_word' id='word_1_66' title='bbox 570 1129 690 1183; x_wconf 76' lang='lat' dir='ltr'><strong>quae</strong></span> <span class='ocrx_word' id='word_1_67' title='bbox 742 1113 994 1179; x_wconf 81' lang='lat' dir='ltr'><strong>fecimus,</strong></span> <span class='ocrx_word' id='word_1_68' title='bbox 1041 1112 1122 1167; x_wconf 85' lang='lat' dir='ltr'><strong>ad&#39;</strong></span> <span class='ocrx_word' id='word_1_69' title='bbox 1160 1129 1220 1168; x_wconf 91' lang='lat' dir='ltr'><strong>ea</strong></span> <span class='ocrx_word' id='word_1_70' title='bbox 1273 1128 1392 1183; x_wconf 69' lang='lat' dir='ltr'><strong>qua:</strong></span> <span class='ocrx_word' id='word_1_71' title='bbox 1435 1114 1640 1183; x_wconf 85' lang='lat' dir='ltr'><strong>agenda</strong></span> 
     </span>
    </p>
   </div>
   <div class='ocr_carea' id='block_1_12' title="bbox 89 1183 1641 1266">
    <p class='ocr_par' dir='ltr' id='par_1_12' title="bbox 89 1183 1641 1266">
     <span class='ocr_line' id='line_1_12' title="bbox 89 1183 1641 1266; baseline -0.002 -23"><span class='ocrx_word' id='word_1_72' title='bbox 89 1197 189 1266; x_wconf 79' lang='lat' dir='ltr'><strong>sunt</strong></span> <span class='ocrx_word' id='word_1_73' title='bbox 225 1185 478 1266; x_wconf 71' lang='lat' dir='ltr'><strong>cautiores</strong></span> <span class='ocrx_word' id='word_1_74' title='bbox 517 1183 821 1266; x_wconf 67' lang='lat' dir='ltr'><strong>reddamur.</strong></span> <span class='ocrx_word' id='word_1_75' title='bbox 849 1183 1003 1266; x_wconf 78' lang='lat' dir='ltr'><strong>Saepe</strong></span> <span class='ocrx_word' id='word_1_76' title='bbox 1045 1199 1274 1266; x_wconf 84' lang='lat' dir='ltr'><strong>namque</strong></span> <span class='ocrx_word' id='word_1_77' title='bbox 1319 1185 1641 1266; x_wconf 39' lang='lat' dir='ltr'><strong>opus-quod</strong></span> 
     </span>
    </p>
   </div>
   <div class='ocr_carea' id='block_1_13' title="bbox 90 1255 1640 1322">
    <p class='ocr_par' dir='ltr' id='par_1_13' title="bbox 90 1255 1640 1322">
     <span class='ocr_line' id='line_1_13' title="bbox 90 1255 1640 1322; baseline -0.002 -8"><span class='ocrx_word' id='word_1_78' title='bbox 90 1260 202 1314; x_wconf 90' lang='lat' dir='ltr'><strong>bona</strong></span> <span class='ocrx_word' id='word_1_79' title='bbox 225 1257 513 1312; x_wconf 72' lang='lat' dir='ltr'><strong>inuentione</strong></span> <span class='ocrx_word' id='word_1_80' title='bbox 542 1255 781 1311; x_wconf 90' lang='lat' dir='ltr'><strong>inchoari</strong></span> <span class='ocrx_word' id='word_1_81' title='bbox 808 1255 1094 1322; x_wconf 90' lang='lat' dir='ltr'><strong>credimus,</strong></span> <span class='ocrx_word' id='word_1_82' title='bbox 1122 1264 1266 1310; x_wconf 91' lang='lat' dir='ltr'><strong>tanto</strong></span> <span class='ocrx_word' id='word_1_83' title='bbox 1291 1256 1448 1311; x_wconf 89' lang='lat' dir='ltr'><strong>citius</strong></span> <span class='ocrx_word' id='word_1_84' title='bbox 1470 1255 1520 1310; x_wconf 92' lang='lat' dir='ltr'><strong>in</strong></span> <span class='ocrx_word' id='word_1_85' title='bbox 1545 1256 1640 1311; x_wconf 92' lang='lat' dir='ltr'><strong>de-</strong></span> 
     </span>
    </p>
   </div>
   <div class='ocr_carea' id='block_1_14' title="bbox 91 1326 1638 1401">
    <p class='ocr_par' dir='ltr' id='par_1_14' title="bbox 91 1326 1638 1401">
     <span class='ocr_line' id='line_1_14' title="bbox 91 1326 1638 1401; baseline -0.003 -15"><span class='ocrx_word' id='word_1_86' title='bbox 91 1330 311 1401; x_wconf 88' lang='lat' dir='ltr'><strong>ceptionis</strong></span> <span class='ocrx_word' id='word_1_87' title='bbox 351 1328 602 1401; x_wconf 82' lang='lat' dir='ltr'><strong>laqueum</strong></span> <span class='ocrx_word' id='word_1_88' title='bbox 619 1342 730 1401; x_wconf 80' lang='lat' dir='ltr'><strong>nos</strong></span> <span class='ocrx_word' id='word_1_89' title='bbox 770 1327 1102 1401; x_wconf 87' lang='lat' dir='ltr'><strong>praecipitat,</strong></span> <span class='ocrx_word' id='word_1_90' title='bbox 1142 1335 1346 1401; x_wconf 82' lang='lat' dir='ltr'><strong>quanto</strong></span> <span class='ocrx_word' id='word_1_91' title='bbox 1368 1326 1434 1382; x_wconf 92' lang='lat' dir='ltr'><strong>de</strong></span> <span class='ocrx_word' id='word_1_92' title='bbox 1461 1327 1638 1401; x_wconf 84' lang='lat' dir='ltr'><strong>inten-</strong></span> 
     </span>
    </p>
   </div>
   <div class='ocr_carea' id='block_1_15' title="bbox 91 1397 1640 1469">
    <p class='ocr_par' dir='ltr' id='par_1_15' title="bbox 91 1397 1640 1469">
     <span class='ocr_line' id='line_1_15' title="bbox 91 1397 1640 1469; baseline -0.001 -14"><span class='ocrx_word' id='word_1_93' title='bbox 91 1397 220 1456; x_wconf 81' lang='lat' dir='ltr'><strong>tionis</strong></span> <span class='ocrx_word' id='word_1_94' title='bbox 241 1397 432 1454; x_wconf 61' lang='lat' dir='ltr'><strong>nostrai</strong></span> <span class='ocrx_word' id='word_1_95' title='bbox 459 1398 723 1469; x_wconf 86' lang='lat' dir='ltr'><strong>principio</strong></span> <span class='ocrx_word' id='word_1_96' title='bbox 750 1398 924 1453; x_wconf 91' lang='lat' dir='ltr'><strong>securi</strong></span> <span class='ocrx_word' id='word_1_97' title='bbox 957 1397 1115 1452; x_wconf 84' lang='lat' dir='ltr'><strong>linem</strong></span> <span class='ocrx_word' id='word_1_98' title='bbox 1156 1399 1380 1452; x_wconf 92' lang='lat' dir='ltr'><strong>actionis</strong></span> <span class='ocrx_word' id='word_1_99' title='bbox 1409 1414 1514 1469; x_wconf 87' lang='lat' dir='ltr'><strong>non</strong></span> <span class='ocrx_word' id='word_1_100' title='bbox 1545 1399 1640 1454; x_wconf 90' lang='lat' dir='ltr'><strong>ob-</strong></span> 
     </span>
    </p>
   </div>
   <div class='ocr_carea' id='block_1_16' title="bbox 91 1468 1636 1540">
    <p class='ocr_par' dir='ltr' id='par_1_16' title="bbox 91 1468 1636 1540">
     <span class='ocr_line' id='line_1_16' title="bbox 91 1468 1636 1540; baseline -0.001 -13"><span class='ocrx_word' id='word_1_101' title='bbox 91 1486 326 1528; x_wconf 80' lang='lat' dir='ltr'><strong>servamus</strong></span> <span class='ocrx_word' id='word_1_102' title='bbox 351 1488 364 1525; x_wconf 91' lang='lat'><strong>:</strong></span> <span class='ocrx_word' id='word_1_103' title='bbox 389 1479 444 1525; x_wconf 91' lang='lat' dir='ltr'><strong>et</strong></span> <span class='ocrx_word' id='word_1_104' title='bbox 467 1468 842 1540; x_wconf 87' lang='lat' dir='ltr'><strong>imprudentes</strong></span> <span class='ocrx_word' id='word_1_105' title='bbox 870 1469 1019 1540; x_wconf 81' lang='lat' dir='ltr'><strong>quasi</strong></span> <span class='ocrx_word' id='word_1_106' title='bbox 1041 1469 1122 1522; x_wconf 89' lang='lat' dir='ltr'><strong>via</strong></span> <span class='ocrx_word' id='word_1_107' title='bbox 1151 1469 1304 1537; x_wconf 91' lang='lat' dir='ltr'><strong>plana</strong></span> <span class='ocrx_word' id='word_1_108' title='bbox 1333 1469 1398 1524; x_wconf 89' lang='lat' dir='ltr'><strong>ad</strong></span> <span class='ocrx_word' id='word_1_109' title='bbox 1429 1468 1636 1540; x_wconf 82' lang='lat' dir='ltr'><strong>foveam</strong></span> 
     </span>
    </p>
   </div>
   <div class='ocr_carea' id='block_1_17' title="bbox 89 1538 1635 1611">
    <p class='ocr_par' dir='ltr' id='par_1_17' title="bbox 89 1538 1635 1611">
     <span class='ocr_line' id='line_1_17' title="bbox 89 1538 1635 1611; baseline -0.002 -14"><span class='ocrx_word' id='word_1_110' title='bbox 89 1545 340 1606; x_wconf 85' lang='lat' dir='ltr'><strong>currimus;</strong></span> <span class='ocrx_word' id='word_1_111' title='bbox 369 1541 490 1611; x_wconf 91' lang='lat' dir='ltr'><strong>quia</strong></span> <span class='ocrx_word' id='word_1_112' title='bbox 507 1538 750 1611; x_wconf 82' lang='lat' dir='ltr'><strong>videmus</strong></span> <span class='ocrx_word' id='word_1_113' title='bbox 770 1538 900 1610; x_wconf 88' lang='lat' dir='ltr'><strong>quid</strong></span> <span class='ocrx_word' id='word_1_114' title='bbox 911 1538 1153 1611; x_wconf 77' lang='lat' dir='ltr'><strong>facimus,</strong></span> <span class='ocrx_word' id='word_1_115' title='bbox 1177 1540 1272 1594; x_wconf 88' lang='lat' dir='ltr'><strong>sed</strong></span> <span class='ocrx_word' id='word_1_116' title='bbox 1291 1540 1413 1610; x_wconf 91' lang='lat' dir='ltr'><strong>quid</strong></span> <span class='ocrx_word' id='word_1_117' title='bbox 1439 1539 1596 1595; x_wconf 86' lang='lat' dir='ltr'><strong>tinem</strong></span> <span class='ocrx_word' id='word_1_118' title='bbox 1618 1542 1635 1572; x_wconf 76' lang='grc' dir='ltr'>ί</span> 
     </span>
    </p>
   </div>
   <div class='ocr_carea' id='block_1_18' title="bbox 90 1610 1635 1682">
    <p class='ocr_par' dir='ltr' id='par_1_18' title="bbox 90 1610 1635 1682">
     <span class='ocr_line' id='line_1_18' title="bbox 90 1610 1635 1682; baseline -0.003 -12"><span class='ocrx_word' id='word_1_119' title='bbox 90 1624 290 1670; x_wconf 91' lang='lat' dir='ltr'><strong>nostrum</strong></span> <span class='ocrx_word' id='word_1_120' title='bbox 319 1610 466 1682; x_wconf 84' lang='lat' dir='ltr'><strong>sequi</strong></span> <span class='ocrx_word' id='word_1_121' title='bbox 497 1610 710 1682; x_wconf 85' lang='lat' dir='ltr'><strong>debeat,</strong></span> <span class='ocrx_word' id='word_1_122' title='bbox 741 1627 847 1666; x_wconf 91' lang='lat' dir='ltr'><strong>non</strong></span> <span class='ocrx_word' id='word_1_123' title='bbox 877 1610 1221 1682; x_wconf 80' lang='lat' dir='ltr'><strong>attendimus.</strong></span> <span class='ocrx_word' id='word_1_124' title='bbox 1248 1611 1322 1665; x_wconf 85' lang='lat' dir='ltr'><strong>Ita</strong></span> <span class='ocrx_word' id='word_1_125' title='bbox 1351 1611 1491 1666; x_wconf 91' lang='lat' dir='ltr'><strong>enim</strong></span> <span class='ocrx_word' id='word_1_126' title='bbox 1518 1627 1635 1666; x_wconf 89' lang='lat' dir='ltr'><strong>am-</strong></span> 
     </span>
    </p>
   </div>
   <div class='ocr_carea' id='block_1_19' title="bbox 90 1680 1638 1754">
    <p class='ocr_par' dir='ltr' id='par_1_19' title="bbox 90 1680 1638 1754">
     <span class='ocr_line' id='line_1_19' title="bbox 90 1680 1638 1754; baseline -0.002 -15"><span class='ocrx_word' id='word_1_127' title='bbox 90 1686 240 1754; x_wconf 79' lang='lat' dir='ltr'><strong>biguus</strong></span> <span class='ocrx_word' id='word_1_128' title='bbox 258 1692 337 1739; x_wconf 90' lang='lat' dir='ltr'><strong>est</strong></span> <span class='ocrx_word' id='word_1_129' title='bbox 360 1680 525 1737; x_wconf 82' lang='lat' dir='ltr'><strong>animi</strong></span> <span class='ocrx_word' id='word_1_130' title='bbox 553 1681 795 1754; x_wconf 66' lang='lat' dir='ltr'><strong>affectus,</strong></span> <span class='ocrx_word' id='word_1_131' title='bbox 819 1691 881 1737; x_wconf 95' lang='lat' dir='ltr'><strong>ut</strong></span> <span class='ocrx_word' id='word_1_132' title='bbox 909 1682 1010 1736; x_wconf 89' lang='lat' dir='ltr'><strong>nisi</strong></span> <span class='ocrx_word' id='word_1_133' title='bbox 1037 1697 1102 1737; x_wconf 88' lang='lat' dir='ltr'><strong>ex</strong></span> <span class='ocrx_word' id='word_1_134' title='bbox 1134 1680 1251 1754; x_wconf 85' lang='lat' dir='ltr'><strong>line</strong></span> <span class='ocrx_word' id='word_1_135' title='bbox 1269 1683 1445 1750; x_wconf 90' lang='lat' dir='ltr'><strong>operis</strong></span> <span class='ocrx_word' id='word_1_136' title='bbox 1468 1683 1638 1752; x_wconf 82' lang='lat' dir='ltr'><strong>quali-</strong></span> 
     </span>
    </p>
   </div>
   <div class='ocr_carea' id='block_1_20' title="bbox 88 1752 1636 1823">
    <p class='ocr_par' dir='ltr' id='par_1_20' title="bbox 88 1752 1636 1823">
     <span class='ocr_line' id='line_1_20' title="bbox 88 1752 1636 1823; baseline -0.002 -12"><span class='ocrx_word' id='word_1_137' title='bbox 88 1752 216 1811; x_wconf 80' lang='lat' dir='ltr'><strong>tatem</strong></span> <span class='ocrx_word' id='word_1_138' title='bbox 242 1754 547 1809; x_wconf 89' lang='lat' dir='ltr'><strong>intentionis</strong></span> <span class='ocrx_word' id='word_1_139' title='bbox 567 1753 681 1823; x_wconf 89' lang='lat' dir='ltr'><strong>ejus</strong></span> <span class='ocrx_word' id='word_1_140' title='bbox 706 1752 1012 1809; x_wconf 85' lang='lat' dir='ltr'><strong>discernere</strong></span> <span class='ocrx_word' id='word_1_141' title='bbox 1037 1767 1141 1807; x_wconf 87' lang='lat' dir='ltr'><strong>non</strong></span> <span class='ocrx_word' id='word_1_142' title='bbox 1173 1753 1463 1808; x_wconf 87' lang='lat' dir='ltr'><strong>valeamus.</strong></span> <span class='ocrx_word' id='word_1_143' title='bbox 1493 1754 1636 1808; x_wconf 83' lang='lat' dir='ltr'><strong>Prae-</strong></span> 
     </span>
    </p>
   </div>
   <div class='ocr_carea' id='block_1_21' title="bbox 87 1823 1634 1897">
    <p class='ocr_par' dir='ltr' id='par_1_21' title="bbox 87 1823 1634 1897">
     <span class='ocr_line' id='line_1_21' title="bbox 87 1823 1634 1897; baseline -0.001 -15"><span class='ocrx_word' id='word_1_144' title='bbox 87 1836 204 1882; x_wconf 88' lang='lat' dir='ltr'><strong>terea</strong></span> <span class='ocrx_word' id='word_1_145' title='bbox 228 1840 438 1881; x_wconf 89' lang='lat' dir='ltr'><strong>necesse</strong></span> <span class='ocrx_word' id='word_1_146' title='bbox 465 1833 552 1879; x_wconf 90' lang='lat' dir='ltr'><strong>est</strong></span> <span class='ocrx_word' id='word_1_147' title='bbox 589 1833 645 1880; x_wconf 94' lang='lat' dir='ltr'><strong>ut</strong></span> <span class='ocrx_word' id='word_1_148' title='bbox 671 1839 765 1897; x_wconf 91' lang='lat' dir='ltr'><strong>per</strong></span> <span class='ocrx_word' id='word_1_149' title='bbox 794 1825 1027 1897; x_wconf 86' lang='lat' dir='ltr'><strong>singulos</strong></span> <span class='ocrx_word' id='word_1_150' title='bbox 1048 1823 1168 1897; x_wconf 85' lang='lat' dir='ltr'><strong>dies</strong></span> <span class='ocrx_word' id='word_1_151' title='bbox 1201 1824 1362 1878; x_wconf 90' lang='lat' dir='ltr'><strong>vitam</strong></span> <span class='ocrx_word' id='word_1_152' title='bbox 1398 1833 1634 1880; x_wconf 90' lang='lat' dir='ltr'><strong>nostram</strong></span> 
     </span>
    </p>
   </div>
   <div class='ocr_carea' id='block_1_22' title="bbox 87 1895 1637 1968">
    <p class='ocr_par' dir='ltr' id='par_1_22' title="bbox 87 1895 1637 1968">
     <span class='ocr_line' id='line_1_22' title="bbox 87 1895 1637 1968; baseline -0.001 -16"><span class='ocrx_word' id='word_1_153' title='bbox 87 1898 136 1952; x_wconf 84' lang='lat' dir='ltr'><strong>ad</strong></span> <span class='ocrx_word' id='word_1_154' title='bbox 154 1897 390 1968; x_wconf 88' lang='lat' dir='ltr'><strong>judicium</strong></span> <span class='ocrx_word' id='word_1_155' title='bbox 422 1895 716 1960; x_wconf 81' lang='lat' dir='ltr'><strong>vocemus,</strong></span> <span class='ocrx_word' id='word_1_156' title='bbox 746 1905 800 1951; x_wconf 90' lang='lat' dir='ltr'><strong>et</strong></span> <span class='ocrx_word' id='word_1_157' title='bbox 824 1895 950 1965; x_wconf 93' lang='lat' dir='ltr'><strong>quid</strong></span> <span class='ocrx_word' id='word_1_158' title='bbox 977 1895 1182 1968; x_wconf 82' lang='lat' dir='ltr'><strong>egimus</strong></span> <span class='ocrx_word' id='word_1_159' title='bbox 1208 1910 1307 1968; x_wconf 87' lang='lat' dir='ltr'><strong>per</strong></span> <span class='ocrx_word' id='word_1_160' title='bbox 1342 1903 1637 1968; x_wconf 85' lang='lat' dir='ltr'><strong>noctemet</strong></span> 
     </span>
    </p>
   </div>
   <div class='ocr_carea' id='block_1_23' title="bbox 86 1965 1634 2038">
    <p class='ocr_par' dir='ltr' id='par_1_23' title="bbox 86 1965 1634 2038">
     <span class='ocr_line' id='line_1_23' title="bbox 86 1965 1634 2038; baseline -0.001 -16"><span class='ocrx_word' id='word_1_161' title='bbox 86 1965 216 2033; x_wconf 83' lang='lat' dir='ltr'><strong>diem,</strong></span> <span class='ocrx_word' id='word_1_162' title='bbox 241 1969 603 2023; x_wconf 83' lang='lat' dir='ltr'><strong>examinemus</strong></span> <span class='ocrx_word' id='word_1_163' title='bbox 625 1984 639 2033; x_wconf 92' lang='lat'><strong>;</strong></span> <span class='ocrx_word' id='word_1_164' title='bbox 663 1975 718 2024; x_wconf 90' lang='lat' dir='ltr'><strong>et</strong></span> <span class='ocrx_word' id='word_1_165' title='bbox 743 1975 940 2038; x_wconf 89' lang='lat' dir='ltr'><strong>quanto</strong></span> <span class='ocrx_word' id='word_1_166' title='bbox 964 1965 1034 2038; x_wconf 82' lang='lat' dir='ltr'><strong>ad</strong></span> <span class='ocrx_word' id='word_1_167' title='bbox 1055 1967 1191 2038; x_wconf 88' lang='lat' dir='ltr'><strong>bona</strong></span> <span class='ocrx_word' id='word_1_168' title='bbox 1214 1965 1450 2038; x_wconf 82' lang='lat' dir='ltr'><strong>facienda</strong></span> <span class='ocrx_word' id='word_1_169' title='bbox 1478 1966 1634 2021; x_wconf 89' lang='lat' dir='ltr'><strong>solito</strong></span> 
     </span>
    </p>
   </div>
   <div class='ocr_carea' id='block_1_24' title="bbox 87 2037 1636 2109">
    <p class='ocr_par' dir='ltr' id='par_1_24' title="bbox 87 2037 1636 2109">
     <span class='ocr_line' id='line_1_24' title="bbox 87 2037 1636 2109; baseline -0.001 -15"><span class='ocrx_word' id='word_1_170' title='bbox 87 2040 349 2102; x_wconf 86' lang='lat' dir='ltr'><strong>alacriores,</strong></span> <span class='ocrx_word' id='word_1_171' title='bbox 373 2049 427 2094; x_wconf 91' lang='lat' dir='ltr'><strong>et</strong></span> <span class='ocrx_word' id='word_1_172' title='bbox 445 2047 650 2109; x_wconf 90' lang='lat' dir='ltr'><strong>quanto</strong></span> <span class='ocrx_word' id='word_1_173' title='bbox 672 2039 739 2094; x_wconf 89' lang='lat' dir='ltr'><strong>ad</strong></span> <span class='ocrx_word' id='word_1_174' title='bbox 763 2037 900 2092; x_wconf 88' lang='lat' dir='ltr'><strong>mala</strong></span> <span class='ocrx_word' id='word_1_175' title='bbox 927 2037 1182 2109; x_wconf 87' lang='lat' dir='ltr'><strong>vincenda</strong></span> <span class='ocrx_word' id='word_1_176' title='bbox 1208 2037 1364 2091; x_wconf 90' lang='lat' dir='ltr'><strong>solito</strong></span> <span class='ocrx_word' id='word_1_177' title='bbox 1384 2048 1636 2092; x_wconf 89' lang='lat' dir='ltr'><strong>constan-</strong></span> 
     </span>
    </p>
   </div>
   <div class='ocr_carea' id='block_1_25' title="bbox 89 2108 1632 2182">
    <p class='ocr_par' dir='ltr' id='par_1_25' title="bbox 89 2108 1632 2182">
     <span class='ocr_line' id='line_1_25' title="bbox 89 2108 1632 2182; baseline -0.001 -18"><span class='ocrx_word' id='word_1_178' title='bbox 89 2114 249 2175; x_wconf 89' lang='lat' dir='ltr'><strong>tiores;</strong></span> <span class='ocrx_word' id='word_1_179' title='bbox 277 2110 396 2166; x_wconf 91' lang='lat' dir='ltr'><strong>siin</strong></span> <span class='ocrx_word' id='word_1_180' title='bbox 423 2108 606 2182; x_wconf 88' lang='lat' dir='ltr'><strong>aliquo</strong></span> <span class='ocrx_word' id='word_1_181' title='bbox 630 2124 800 2182; x_wconf 11' lang='lat' dir='ltr'><strong>opere;</strong></span> <span class='ocrx_word' id='word_1_182' title='bbox 817 2117 1000 2162; x_wconf 91' lang='lat' dir='ltr'><strong>nostro</strong></span> <span class='ocrx_word' id='word_1_183' title='bbox 1030 2108 1236 2182; x_wconf 77' lang='lat' dir='ltr'><strong>insidiis</strong></span> <span class='ocrx_word' id='word_1_184' title='bbox 1269 2109 1464 2182; x_wconf 83' lang='lat' dir='ltr'><strong>inimici</strong></span> <span class='ocrx_word' id='word_1_185' title='bbox 1505 2125 1632 2177; x_wconf 88' lang='lat' dir='ltr'><strong>sup-</strong></span> 
     </span>
    </p>
   </div>
   <div class='ocr_carea' id='block_1_26' title="bbox 87 2179 1632 2252">
    <p class='ocr_par' dir='ltr' id='par_1_26' title="bbox 87 2179 1632 2252">
     <span class='ocr_line' id='line_1_26' title="bbox 87 2179 1632 2252; baseline 0.001 -19"><span class='ocrx_word' id='word_1_186' title='bbox 87 2182 264 2252; x_wconf 87' lang='lat' dir='ltr'><strong>plantati</strong></span> <span class='ocrx_word' id='word_1_187' title='bbox 287 2182 486 2248; x_wconf 89' lang='lat' dir='ltr'><strong>simus;</strong></span> <span class='ocrx_word' id='word_1_188' title='bbox 517 2179 748 2252; x_wconf 80' lang='lat' dir='ltr'><strong>qualiter</strong></span> <span class='ocrx_word' id='word_1_189' title='bbox 770 2180 1107 2252; x_wconf 86' lang='lat' dir='ltr'><strong>demumper</strong></span> <span class='ocrx_word' id='word_1_190' title='bbox 1133 2179 1382 2252; x_wconf 87' lang='lat' dir='ltr'><strong>indicium</strong></span> <span class='ocrx_word' id='word_1_191' title='bbox 1414 2183 1433 2210; x_wconf 80' lang='lat'><strong>‘</strong></span> <span class='ocrx_word' id='word_1_192' title='bbox 1458 2190 1632 2234; x_wconf 87' lang='lat' dir='ltr'><strong>trans-</strong></span> 
     </span>
    </p>
   </div>
   <div class='ocr_carea' id='block_1_27' title="bbox 87 2249 1631 2322">
    <p class='ocr_par' dir='ltr' id='par_1_27' title="bbox 87 2249 1631 2322">
     <span class='ocr_line' id='line_1_27' title="bbox 87 2249 1631 2322; baseline 0 -16"><span class='ocrx_word' id='word_1_193' title='bbox 87 2249 187 2307; x_wconf 69' lang='lat' dir='ltr'><strong>acta:</strong></span> <span class='ocrx_word' id='word_1_194' title='bbox 240 2249 566 2322; x_wconf 85' lang='lat' dir='ltr'><strong>deceptionis</strong></span> <span class='ocrx_word' id='word_1_195' title='bbox 631 2251 862 2307; x_wconf 81' lang='lat' dir='ltr'><strong>futuram</strong></span> <span class='ocrx_word' id='word_1_196' title='bbox 930 2251 1069 2306; x_wconf 89' lang='lat' dir='ltr'><strong>illius</strong></span> <span class='ocrx_word' id='word_1_197' title='bbox 1129 2249 1369 2304; x_wconf 82' lang='lat' dir='ltr'><strong>fraudem</strong></span> <span class='ocrx_word' id='word_1_198' title='bbox 1441 2266 1631 2306; x_wconf 87' lang='lat' dir='ltr'><strong>cavere</strong></span> 
     </span>
    </p>
   </div>
   <div class='ocr_carea' id='block_1_28' title="bbox 88 2322 1633 2394">
    <p class='ocr_par' dir='ltr' id='par_1_28' title="bbox 88 2322 1633 2394">
     <span class='ocr_line' id='line_1_28' title="bbox 88 2322 1633 2394; baseline 0.001 -20"><span class='ocrx_word' id='word_1_199' title='bbox 88 2324 637 2394; x_wconf 79' lang='lat' dir='ltr'><strong>valeamuszquatenus</strong></span> <span class='ocrx_word' id='word_1_200' title='bbox 682 2338 784 2378; x_wconf 91' lang='lat' dir='ltr'><strong>nec</strong></span> <span class='ocrx_word' id='word_1_201' title='bbox 825 2322 1205 2394; x_wconf 83' lang='lat' dir='ltr'><strong>superveniens</strong></span> <span class='ocrx_word' id='word_1_202' title='bbox 1268 2323 1490 2394; x_wconf 85' lang='lat' dir='ltr'><strong>tentatio</strong></span> <span class='ocrx_word' id='word_1_203' title='bbox 1536 2336 1633 2376; x_wconf 91' lang='lat' dir='ltr'><strong>nos</strong></span> 
     </span>
    </p>
   </div>
   <div class='ocr_carea' id='block_1_29' title="bbox 86 2393 1632 2465">
    <p class='ocr_par' dir='ltr' id='par_1_29' title="bbox 86 2393 1632 2465">
     <span class='ocr_line' id='line_1_29' title="bbox 86 2393 1632 2465; baseline -0.001 -16"><span class='ocrx_word' id='word_1_204' title='bbox 86 2395 360 2465; x_wconf 83' lang='lat' dir='ltr'><strong>improvisos</strong></span> <span class='ocrx_word' id='word_1_205' title='bbox 389 2393 461 2449; x_wconf 80' lang='lat' dir='ltr'><strong>ad</strong></span> <span class='ocrx_word' id='word_1_206' title='bbox 492 2395 694 2448; x_wconf 90' lang='lat' dir='ltr'><strong>malum</strong></span> <span class='ocrx_word' id='word_1_207' title='bbox 738 2409 870 2464; x_wconf 81' lang='lat' dir='ltr'><strong>Opus</strong></span> <span class='ocrx_word' id='word_1_208' title='bbox 896 2393 1140 2465; x_wconf 85' lang='lat' dir='ltr'><strong>dejiciat,</strong></span> <span class='ocrx_word' id='word_1_209' title='bbox 1173 2408 1272 2465; x_wconf 81' lang='lat' dir='ltr'><strong>nec</strong></span> <span class='ocrx_word' id='word_1_210' title='bbox 1316 2393 1632 2465; x_wconf 86' lang='lat' dir='ltr'><strong>indiscretos</strong></span> 
     </span>
    </p>
   </div>
   <div class='ocr_carea' id='block_1_30' title="bbox 86 2463 1632 2536">
    <p class='ocr_par' dir='ltr' id='par_1_30' title="bbox 86 2463 1632 2536">
     <span class='ocr_line' id='line_1_30' title="bbox 86 2463 1632 2536; baseline 0 -17"><span class='ocrx_word' id='word_1_211' title='bbox 86 2467 125 2519; x_wconf 90' lang='lat' dir='ltr'><strong>in</strong></span> <span class='ocrx_word' id='word_1_212' title='bbox 146 2463 300 2536; x_wconf 72' lang='lat' dir='ltr'><strong>opere</strong></span> <span class='ocrx_word' id='word_1_213' title='bbox 337 2467 478 2521; x_wconf 91' lang='lat' dir='ltr'><strong>bono</strong></span> <span class='ocrx_word' id='word_1_214' title='bbox 526 2463 1127 2536; x_wconf 32' lang='lat' dir='ltr'><strong>prmsens’negligentia</strong></span> <span class='ocrx_word' id='word_1_215' title='bbox 1171 2464 1336 2517; x_wconf 82' lang='lat' dir='ltr'><strong>fallat.</strong></span> <span class='ocrx_word' id='word_1_216' title='bbox 1383 2463 1632 2536; x_wconf 86' lang='lat' dir='ltr'><strong>Quisquis</strong></span> 
     </span>
    </p>
   </div>
   <div class='ocr_carea' id='block_1_31' title="bbox 85 2535 1634 2602">
    <p class='ocr_par' dir='ltr' id='par_1_31' title="bbox 85 2535 1634 2602">
     <span class='ocr_line' id='line_1_31' title="bbox 85 2535 1634 2602; baseline -0.001 -12"><span class='ocrx_word' id='word_1_217' title='bbox 85 2535 253 2592; x_wconf 80' lang='lat' dir='ltr'><strong>scilicet</strong></span> <span class='ocrx_word' id='word_1_218' title='bbox 274 2552 365 2592; x_wconf 88' lang='lat' dir='ltr'><strong>cor</strong></span> <span class='ocrx_word' id='word_1_219' title='bbox 387 2535 548 2592; x_wconf 83' lang='lat' dir='ltr'><strong>suum</strong></span> <span class='ocrx_word' id='word_1_220' title='bbox 577 2537 628 2590; x_wconf 92' lang='lat' dir='ltr'><strong>in</strong></span> <span class='ocrx_word' id='word_1_221' title='bbox 660 2535 962 2602; x_wconf 85' lang='lat' dir='ltr'><strong>hujusmodi</strong></span> <span class='ocrx_word' id='word_1_222' title='bbox 991 2535 1165 2590; x_wconf 90' lang='lat' dir='ltr'><strong>studio</strong></span> <span class='ocrx_word' id='word_1_223' title='bbox 1195 2546 1428 2598; x_wconf 75' lang='lat' dir='ltr'><strong>exercet,</strong></span> <span class='ocrx_word' id='word_1_224' title='bbox 1453 2535 1634 2589; x_wconf 87' lang='lat' dir='ltr'><strong>audiat</strong></span> 
     </span>
    </p>
   </div>
   <div class='ocr_carea' id='block_1_32' title="bbox 86 2604 1632 2679">
    <p class='ocr_par' dir='ltr' id='par_1_32' title="bbox 86 2604 1632 2679">
     <span class='ocr_line' id='line_1_32' title="bbox 86 2604 1632 2679; baseline -0.001 -18"><span class='ocrx_word' id='word_1_225' title='bbox 86 2608 184 2677; x_wconf 91' lang='lat' dir='ltr'><strong>quid</strong></span> <span class='ocrx_word' id='word_1_226' title='bbox 208 2609 406 2679; x_wconf 87' lang='lat' dir='ltr'><strong>quidam</strong></span> <span class='ocrx_word' id='word_1_227' title='bbox 447 2608 666 2677; x_wconf 88' lang='lat' dir='ltr'><strong>sapiens</strong></span> <span class='ocrx_word' id='word_1_228' title='bbox 703 2607 880 2679; x_wconf 81' lang='lat' dir='ltr'><strong>dicat:</strong></span> <span class='ocrx_word' id='word_1_229' title='bbox 918 2625 937 2658; x_wconf 72' lang='grc' dir='ltr'>ι</span> <span class='ocrx_word' id='word_1_230' title='bbox 967 2604 1112 2661; x_wconf 91' lang='lat' dir='ltr'><strong>Scito</strong></span> <span class='ocrx_word' id='word_1_231' title='bbox 1140 2615 1190 2679; x_wconf 86' lang='lat' dir='ltr'><strong>te</strong></span> <span class='ocrx_word' id='word_1_232' title='bbox 1214 2606 1404 2679; x_wconf 79' lang='lat' dir='ltr'><strong>ipsum.</strong></span> <span class='ocrx_word' id='word_1_233' title='bbox 1437 2624 1455 2657; x_wconf 77' lang='grc' dir='ltr'><strong><em>ι</em></strong></span> <span class='ocrx_word' id='word_1_234' title='bbox 1487 2604 1632 2660; x_wconf 91' lang='lat' dir='ltr'><strong>Scito</strong></span> 
     </span>
    </p>
   </div>
   <div class='ocr_carea' id='block_1_33' title="bbox 87 2676 1628 2748">
    <p class='ocr_par' dir='ltr' id='par_1_33' title="bbox 87 2676 1628 2748">
     <span class='ocr_line' id='line_1_33' title="bbox 87 2676 1628 2748; baseline -0.001 -17"><span class='ocrx_word' id='word_1_235' title='bbox 87 2676 195 2734; x_wconf 76' lang='lat' dir='ltr'><strong>Unde</strong></span> <span class='ocrx_word' id='word_1_236' title='bbox 222 2676 444 2747; x_wconf 74' lang='lat' dir='ltr'><strong>venisti,</strong></span> <span class='ocrx_word' id='word_1_237' title='bbox 478 2676 574 2733; x_wconf 83' lang='lat' dir='ltr'><strong>aut</strong></span> <span class='ocrx_word' id='word_1_238' title='bbox 604 2693 708 2748; x_wconf 91' lang='lat' dir='ltr'><strong>quo</strong></span> <span class='ocrx_word' id='word_1_239' title='bbox 740 2678 928 2743; x_wconf 84' lang='lat' dir='ltr'><strong>vadis;</strong></span> <span class='ocrx_word' id='word_1_240' title='bbox 957 2676 1223 2748; x_wconf 90' lang='lat' dir='ltr'><strong>quomodo</strong></span> <span class='ocrx_word' id='word_1_241' title='bbox 1255 2676 1423 2748; x_wconf 80' lang='lat' dir='ltr'><strong>vivis,</strong></span> <span class='ocrx_word' id='word_1_242' title='bbox 1458 2691 1628 2748; x_wconf 35' lang='lat' dir='ltr'><strong>quau:</strong></span> 
     </span>
    </p>
   </div>
   <div class='ocr_carea' id='block_1_34' title="bbox 86 2747 1630 2821">
    <p class='ocr_par' dir='ltr' id='par_1_34' title="bbox 86 2747 1630 2821">
     <span class='ocr_line' id='line_1_34' title="bbox 86 2747 1630 2821; baseline -0.001 -19"><span class='ocrx_word' id='word_1_243' title='bbox 86 2759 172 2804; x_wconf 88' lang='lat' dir='ltr'><strong>tum</strong></span> <span class='ocrx_word' id='word_1_244' title='bbox 208 2751 406 2821; x_wconf 88' lang='lat' dir='ltr'><strong>prolicis</strong></span> <span class='ocrx_word' id='word_1_245' title='bbox 448 2749 536 2805; x_wconf 91' lang='lat' dir='ltr'><strong>vel</strong></span> <span class='ocrx_word' id='word_1_246' title='bbox 563 2747 779 2812; x_wconf 85' lang='lat' dir='ltr'><strong>delicis,</strong></span> <span class='ocrx_word' id='word_1_247' title='bbox 820 2747 985 2820; x_wconf 87' lang='lat' dir='ltr'><strong>quam</strong></span> <span class='ocrx_word' id='word_1_248' title='bbox 1017 2748 1171 2817; x_wconf 88' lang='lat' dir='ltr'><strong>longe</strong></span> <span class='ocrx_word' id='word_1_249' title='bbox 1218 2762 1278 2821; x_wconf 83' lang='lat' dir='ltr'><strong>es</strong></span> <span class='ocrx_word' id='word_1_250' title='bbox 1317 2764 1347 2821; x_wconf 89' lang='lat' dir='ltr'><strong>_a</strong></span> <span class='ocrx_word' id='word_1_251' title='bbox 1380 2747 1490 2821; x_wconf 80' lang='lat' dir='ltr'><strong>Deo</strong></span> <span class='ocrx_word' id='word_1_252' title='bbox 1507 2747 1630 2821; x_wconf 78' lang='lat' dir='ltr'><strong>,__vel</strong></span> 
     </span>
    </p>
   </div>
   <div class='ocr_carea' id='block_1_35' title="bbox 86 2818 1631 2892">
    <p class='ocr_par' dir='ltr' id='par_1_35' title="bbox 86 2818 1631 2892">
     <span class='ocr_line' id='line_1_35' title="bbox 86 2818 1631 2892; baseline -0.001 -19"><span class='ocrx_word' id='word_1_253' title='bbox 86 2818 220 2891; x_wconf 81' lang='lat' dir='ltr'><strong>quam</strong></span> <span class='ocrx_word' id='word_1_254' title='bbox 236 2839 409 2892; x_wconf 89' lang='lat' dir='ltr'><strong>prope,</strong></span> <span class='ocrx_word' id='word_1_255' title='bbox 433 2838 544 2876; x_wconf 89' lang='lat' dir='ltr'><strong>non</strong></span> <span class='ocrx_word' id='word_1_256' title='bbox 569 2818 862 2875; x_wconf 82' lang='lat' dir='ltr'><strong>intervallis</strong></span> <span class='ocrx_word' id='word_1_257' title='bbox 885 2821 1142 2892; x_wconf 80' lang='lat' dir='ltr'><strong>iocorum,</strong></span> <span class='ocrx_word' id='word_1_258' title='bbox 1171 2818 1631 2892; x_wconf 83' lang='lat' dir='ltr'><strong>sedsimilitudine</strong></span> 
     </span>
    </p>
   </div>
   <div class='ocr_carea' id='block_1_36' title="bbox 85 2890 1626 2960">
    <p class='ocr_par' dir='ltr' id='par_1_36' title="bbox 85 2890 1626 2960">
     <span class='ocr_line' id='line_1_36' title="bbox 85 2890 1626 2960; baseline 0 -16"><span class='ocrx_word' id='word_1_259' title='bbox 85 2890 150 2947; x_wconf 83' lang='lat' dir='ltr'><strong>vel</strong></span> <span class='ocrx_word' id='word_1_260' title='bbox 169 2890 590 2948; x_wconf 78' lang='lat' dir='ltr'><strong>disShnilitudine</strong></span> <span class='ocrx_word' id='word_1_261' title='bbox 619 2908 848 2946; x_wconf 89' lang='lat' dir='ltr'><strong>morum.</strong></span> <span class='ocrx_word' id='word_1_262' title='bbox 880 2891 1026 2946; x_wconf 88' lang='lat' dir='ltr'><strong>Scito</strong></span> <span class='ocrx_word' id='word_1_263' title='bbox 1053 2891 1322 2960; x_wconf 90' lang='lat' dir='ltr'><strong>quomodo</strong></span> <span class='ocrx_word' id='word_1_264' title='bbox 1350 2890 1508 2942; x_wconf 90' lang='lat' dir='ltr'><strong>homo</strong></span> <span class='ocrx_word' id='word_1_265' title='bbox 1533 2905 1592 2944; x_wconf 91' lang='lat' dir='ltr'><strong>es</strong></span> <span class='ocrx_word' id='word_1_266' title='bbox 1611 2929 1626 2956; x_wconf 94' lang='lat'><strong>,</strong></span> 
     </span>
    </p>
   </div>
   <div class='ocr_carea' id='block_1_37' title="bbox 85 2962 1627 3034">
    <p class='ocr_par' dir='ltr' id='par_1_37' title="bbox 85 2962 1627 3034">
     <span class='ocr_line' id='line_1_37' title="bbox 85 2962 1627 3034; baseline -0.002 -18"><span class='ocrx_word' id='word_1_267' title='bbox 85 2963 205 3033; x_wconf 80' lang='lat' dir='ltr'><strong>cujus</strong></span> <span class='ocrx_word' id='word_1_268' title='bbox 239 2964 524 3034; x_wconf 12' lang='lat' dir='ltr'><strong>conceptio,</strong></span> <span class='ocrx_word' id='word_1_269' title='bbox 557 2963 730 3033; x_wconf 90' lang='lat' dir='ltr'><strong>culpa,</strong></span> <span class='ocrx_word' id='word_1_270' title='bbox 761 2962 1185 3034; x_wconf 86' lang='lat' dir='ltr'><strong>nascimiseria,</strong></span> <span class='ocrx_word' id='word_1_271' title='bbox 1214 2963 1408 3034; x_wconf 10' lang='lat' dir='ltr'><strong>rvivere</strong></span> <span class='ocrx_word' id='word_1_272' title='bbox 1442 2975 1627 3034; x_wconf 66' lang='lat' dir='ltr'><strong>paena,</strong></span> 
     </span>
    </p>
   </div>
   <div class='ocr_carea' id='block_1_38' title="bbox 85 3032 1630 3103">
    <p class='ocr_par' dir='ltr' id='par_1_38' title="bbox 85 3032 1630 3103">
     <span class='ocr_line' id='line_1_38' title="bbox 85 3032 1630 3103; baseline -0.002 -16"><span class='ocrx_word' id='word_1_273' title='bbox 85 3032 192 3088; x_wconf 80' lang='lat' dir='ltr'><strong>meri</strong></span> <span class='ocrx_word' id='word_1_274' title='bbox 217 3032 446 3091; x_wconf 83' lang='lat' dir='ltr'><strong>necesse.</strong></span> <span class='ocrx_word' id='word_1_275' title='bbox 499 3032 714 3089; x_wconf 86' lang='lat' dir='ltr'><strong>Certum</strong></span> <span class='ocrx_word' id='word_1_276' title='bbox 742 3033 966 3103; x_wconf 87' lang='lat' dir='ltr'><strong>estquia</strong></span> <span class='ocrx_word' id='word_1_277' title='bbox 1012 3033 1289 3097; x_wconf 89' lang='lat' dir='ltr'><strong>morieris;</strong></span> <span class='ocrx_word' id='word_1_278' title='bbox 1318 3032 1412 3087; x_wconf 92' lang='lat' dir='ltr'><strong>sed</strong></span> <span class='ocrx_word' id='word_1_279' title='bbox 1454 3033 1630 3086; x_wconf 86' lang='lat' dir='ltr'><strong>incer-</strong></span> 
     </span>
    </p>
   </div>
   <div class='ocr_carea' id='block_1_39' title="bbox 87 3103 1631 3176">
    <p class='ocr_par' dir='ltr' id='par_1_39' title="bbox 87 3103 1631 3176">
     <span class='ocr_line' id='line_1_39' title="bbox 87 3103 1631 3176; baseline -0.001 -19"><span class='ocrx_word' id='word_1_280' title='bbox 87 3115 171 3158; x_wconf 85' lang='lat' dir='ltr'><strong>tum</strong></span> <span class='ocrx_word' id='word_1_281' title='bbox 206 3106 483 3176; x_wconf 91' lang='lat' dir='ltr'><strong>quomodo,</strong></span> <span class='ocrx_word' id='word_1_282' title='bbox 517 3105 597 3158; x_wconf 88' lang='lat' dir='ltr'><strong>vel</strong></span> <span class='ocrx_word' id='word_1_283' title='bbox 637 3105 850 3174; x_wconf 87' lang='lat' dir='ltr'><strong>quando</strong></span> <span class='ocrx_word' id='word_1_284' title='bbox 898 3103 983 3158; x_wconf 87' lang='lat' dir='ltr'><strong>vel</strong></span> <span class='ocrx_word' id='word_1_285' title='bbox 1025 3104 1134 3158; x_wconf 86' lang='lat' dir='ltr'><strong>ubi.</strong></span> <span class='ocrx_word' id='word_1_286' title='bbox 1177 3103 1435 3176; x_wconf 75' lang='lat' dir='ltr'><strong>Quoniam</strong></span> <span class='ocrx_word' id='word_1_287' title='bbox 1476 3117 1631 3176; x_wconf 76' lang='lat' dir='ltr'><strong>mors</strong></span> 
     </span>
    </p>
   </div>
   <div class='ocr_carea' id='block_1_40' title="bbox 86 3173 1632 3246">
    <p class='ocr_par' dir='ltr' id='par_1_40' title="bbox 86 3173 1632 3246">
     <span class='ocr_line' id='line_1_40' title="bbox 86 3173 1632 3246; baseline -0.001 -18"><span class='ocrx_word' id='word_1_288' title='bbox 86 3173 243 3246; x_wconf 78' lang='lat' dir='ltr'><strong>ubique</strong></span> <span class='ocrx_word' id='word_1_289' title='bbox 282 3188 330 3232; x_wconf 91' lang='lat' dir='ltr'><strong>te</strong></span> <span class='ocrx_word' id='word_1_290' title='bbox 373 3173 670 3246; x_wconf 74' lang='lat' dir='ltr'><strong>exspectat,</strong></span> <span class='ocrx_word' id='word_1_291' title='bbox 708 3186 762 3230; x_wconf 92' lang='lat' dir='ltr'><strong>et</strong></span> <span class='ocrx_word' id='word_1_292' title='bbox 793 3185 844 3229; x_wconf 92' lang='lat' dir='ltr'><strong>tu</strong></span> <span class='ocrx_word' id='word_1_293' title='bbox 889 3176 932 3228; x_wconf 92' lang='lat' dir='ltr'><strong>si</strong></span> <span class='ocrx_word' id='word_1_294' title='bbox 971 3175 1183 3245; x_wconf 78' lang='lat' dir='ltr'><strong>sapiens</strong></span> <span class='ocrx_word' id='word_1_295' title='bbox 1222 3173 1405 3246; x_wconf 83' lang='lat' dir='ltr'><strong>lueris,</strong></span> <span class='ocrx_word' id='word_1_296' title='bbox 1438 3173 1632 3246; x_wconf 86' lang='lat' dir='ltr'><strong>ubique</strong></span> 
     </span>
    </p>
   </div>
   <div class='ocr_carea' id='block_1_41' title="bbox 85 3243 1630 3317">
    <p class='ocr_par' dir='ltr' id='par_1_41' title="bbox 85 3243 1630 3317">
     <span class='ocr_line' id='line_1_41' title="bbox 85 3243 1630 3317; baseline -0.002 -17"><span class='ocrx_word' id='word_1_297' title='bbox 85 3243 183 3300; x_wconf 78' lang='lat' dir='ltr'><strong>earn</strong></span> <span class='ocrx_word' id='word_1_298' title='bbox 199 3243 548 3317; x_wconf 80' lang='lat' dir='ltr'><strong>exspectabis.</strong></span> <span class='ocrx_word' id='word_1_299' title='bbox 580 3248 810 3302; x_wconf 85' lang='lat' dir='ltr'><strong>Attende</strong></span> <span class='ocrx_word' id='word_1_300' title='bbox 841 3261 968 3316; x_wconf 90' lang='lat' dir='ltr'><strong>ergo</strong></span> <span class='ocrx_word' id='word_1_301' title='bbox 983 3243 1215 3317; x_wconf 81' lang='lat' dir='ltr'><strong>sollicite</strong></span> <span class='ocrx_word' id='word_1_302' title='bbox 1244 3244 1370 3317; x_wconf 91' lang='lat' dir='ltr'><strong>quid</strong></span> <span class='ocrx_word' id='word_1_303' title='bbox 1394 3259 1518 3317; x_wconf 84' lang='lat' dir='ltr'><strong>agas</strong></span> <span class='ocrx_word' id='word_1_304' title='bbox 1545 3243 1630 3317; x_wconf 79' lang='lat' dir='ltr'><strong>vei</strong></span> 
     </span>
    </p>
   </div>
   <div class='ocr_carea' id='block_1_42' title="bbox 85 3315 1629 3388">
    <p class='ocr_par' dir='ltr' id='par_1_42' title="bbox 85 3315 1629 3388">
     <span class='ocr_line' id='line_1_42' title="bbox 85 3315 1629 3388; baseline -0.001 -18"><span class='ocrx_word' id='word_1_305' title='bbox 85 3317 182 3388; x_wconf 82' lang='lat' dir='ltr'><strong>quid</strong></span> <span class='ocrx_word' id='word_1_306' title='bbox 207 3315 351 3388; x_wconf 80' lang='lat' dir='ltr'><strong>agere</strong></span> <span class='ocrx_word' id='word_1_307' title='bbox 376 3318 614 3384; x_wconf 88' lang='lat' dir='ltr'><strong>debeas;</strong></span> <span class='ocrx_word' id='word_1_308' title='bbox 660 3318 704 3372; x_wconf 94' lang='lat' dir='ltr'><strong>si</strong></span> <span class='ocrx_word' id='word_1_309' title='bbox 730 3317 870 3388; x_wconf 91' lang='lat' dir='ltr'><strong>quod</strong></span> <span class='ocrx_word' id='word_1_310' title='bbox 898 3315 1194 3388; x_wconf 78' lang='lat' dir='ltr'><strong>faciendum</strong></span> <span class='ocrx_word' id='word_1_311' title='bbox 1233 3325 1317 3370; x_wconf 88' lang='lat' dir='ltr'><strong>est</strong></span> <span class='ocrx_word' id='word_1_312' title='bbox 1347 3315 1542 3388; x_wconf 78' lang='lat' dir='ltr'><strong>facias;</strong></span> <span class='ocrx_word' id='word_1_313' title='bbox 1583 3315 1629 3369; x_wconf 89' lang='lat' dir='ltr'><strong>si</strong></span> 
     </span>
    </p>
   </div>
   <div class='ocr_carea' id='block_1_43' title="bbox 87 3386 1630 3460">
    <p class='ocr_par' dir='ltr' id='par_1_43' title="bbox 87 3386 1630 3460">
     <span class='ocr_line' id='line_1_43' title="bbox 87 3386 1630 3460; baseline 0.001 -21"><span class='ocrx_word' id='word_1_314' title='bbox 87 3387 198 3442; x_wconf 85' lang='lat' dir='ltr'><strong>bono</strong></span> <span class='ocrx_word' id='word_1_315' title='bbox 221 3386 358 3460; x_wconf 84' lang='lat' dir='ltr'><strong>operi</strong></span> <span class='ocrx_word' id='word_1_316' title='bbox 383 3389 586 3444; x_wconf 87' lang='lat' dir='ltr'><strong>malum</strong></span> <span class='ocrx_word' id='word_1_317' title='bbox 613 3386 824 3458; x_wconf 82' lang='lat' dir='ltr'><strong>aliquod</strong></span> <span class='ocrx_word' id='word_1_318' title='bbox 855 3404 961 3460; x_wconf 83' lang='lat' dir='ltr'><strong>non</strong></span> <span class='ocrx_word' id='word_1_319' title='bbox 989 3387 1321 3460; x_wconf 77' lang='lat' dir='ltr'><strong>admisceas;</strong></span> <span class='ocrx_word' id='word_1_320' title='bbox 1355 3387 1410 3460; x_wconf 82' lang='lat' dir='ltr'><strong>si</strong></span> <span class='ocrx_word' id='word_1_321' title='bbox 1429 3386 1630 3460; x_wconf 78' lang='lat' dir='ltr'><strong>bonum</strong></span> 
     </span>
    </p>
   </div>
   <div class='ocr_carea' id='block_1_44' title="bbox 85 3456 1630 3538">
    <p class='ocr_par' dir='ltr' id='par_1_44' title="bbox 85 3456 1630 3538">
     <span class='ocr_line' id='line_1_44' title="bbox 85 3456 1630 3538; baseline -0.001 -26"><span class='ocrx_word' id='word_1_322' title='bbox 85 3460 202 3538; x_wconf 75' lang='lat' dir='ltr'><strong>quod</strong></span> <span class='ocrx_word' id='word_1_323' title='bbox 231 3456 355 3531; x_wconf 76' lang='lat' dir='ltr'><strong>agis,</strong></span> <span class='ocrx_word' id='word_1_324' title='bbox 397 3470 601 3538; x_wconf 79' lang='lat' dir='ltr'><strong>quanta</strong></span> <span class='ocrx_word' id='word_1_325' title='bbox 644 3456 1174 3538; x_wconf 38' lang='lat' dir='ltr'><strong>oportet-devotione</strong></span> <span class='ocrx_word' id='word_1_326' title='bbox 1218 3457 1537 3538; x_wconf 76' lang='lat' dir='ltr'><strong>adimpleas;</strong></span> <span class='ocrx_word' id='word_1_327' title='bbox 1584 3456 1630 3511; x_wconf 93' lang='lat' dir='ltr'><strong>si</strong></span> 
     </span>
    </p>
   </div>
   <div class='ocr_carea' id='block_1_45' title="bbox 84 3529 1626 3610">
    <p class='ocr_par' dir='ltr' id='par_1_45' title="bbox 84 3529 1626 3610">
     <span class='ocr_line' id='line_1_45' title="bbox 84 3529 1626 3610; baseline 0 -28"><span class='ocrx_word' id='word_1_328' title='bbox 84 3529 281 3610; x_wconf 68' lang='lat' dir='ltr'><strong>alterius,</strong></span> <span class='ocrx_word' id='word_1_329' title='bbox 308 3541 362 3586; x_wconf 94' lang='lat' dir='ltr'><strong>ut</strong></span> <span class='ocrx_word' id='word_1_330' title='bbox 385 3529 569 3610; x_wconf 61' lang='grc' dir='ltr'><strong>ῑίξιιιηἰ</strong></span> <span class='ocrx_word' id='word_1_331' title='bbox 587 3529 782 3610; x_wconf 80' lang='lat' dir='ltr'><strong>bonum</strong></span> <span class='ocrx_word' id='word_1_332' title='bbox 802 3529 1021 3610; x_wconf 74' lang='lat' dir='ltr'><strong>diligas;</strong></span> <span class='ocrx_word' id='word_1_333' title='bbox 1044 3529 1087 3584; x_wconf 92' lang='lat' dir='ltr'><strong>si</strong></span> <span class='ocrx_word' id='word_1_334' title='bbox 1115 3537 1288 3610; x_wconf 65' lang='lat' dir='ltr'><strong>tuum,</strong></span> <span class='ocrx_word' id='word_1_335' title='bbox 1308 3538 1364 3582; x_wconf 89' lang='lat' dir='ltr'><strong>ut</strong></span> <span class='ocrx_word' id='word_1_336' title='bbox 1388 3529 1626 3610; x_wconf 74' lang='lat' dir='ltr'><strong>alterius,</strong></span> 
     </span>
    </p>
   </div>
   <div class='ocr_carea' id='block_1_46' title="bbox 87 3599 1630 3671">
    <p class='ocr_par' dir='ltr' id='par_1_46' title="bbox 87 3599 1630 3671">
     <span class='ocr_line' id='line_1_46' title="bbox 87 3599 1630 3671; baseline 0.001 -18"><span class='ocrx_word' id='word_1_337' title='bbox 87 3602 244 3671; x_wconf 79' lang='lat' dir='ltr'><strong>malum</strong></span> <span class='ocrx_word' id='word_1_338' title='bbox 271 3601 665 3671; x_wconf 89' lang='lat' dir='ltr'><strong>reprehendas;</strong></span> <span class='ocrx_word' id='word_1_339' title='bbox 698 3602 740 3655; x_wconf 88' lang='lat' dir='ltr'><strong>si</strong></span> <span class='ocrx_word' id='word_1_340' title='bbox 772 3602 850 3656; x_wconf 90' lang='lat' dir='ltr'><strong>sic</strong></span> <span class='ocrx_word' id='word_1_341' title='bbox 874 3599 1109 3656; x_wconf 89' lang='lat' dir='ltr'><strong>declinas</strong></span> <span class='ocrx_word' id='word_1_342' title='bbox 1129 3615 1160 3654; x_wconf 90' lang='lat' dir='ltr'><strong>a</strong></span> <span class='ocrx_word' id='word_1_343' title='bbox 1189 3600 1348 3664; x_wconf 89' lang='lat' dir='ltr'><strong>malo,</strong></span> <span class='ocrx_word' id='word_1_344' title='bbox 1383 3608 1439 3653; x_wconf 91' lang='lat' dir='ltr'><strong>ut</strong></span> <span class='ocrx_word' id='word_1_345' title='bbox 1467 3599 1630 3654; x_wconf 83' lang='lat' dir='ltr'><strong>facias</strong></span> 
     </span>
    </p>
   </div>
   <div class='ocr_carea' id='block_1_47' title="bbox 85 3669 1629 3742">
    <p class='ocr_par' dir='ltr' id='par_1_47' title="bbox 85 3669 1629 3742">
     <span class='ocr_line' id='line_1_47' title="bbox 85 3669 1629 3742; baseline 0.001 -18"><span class='ocrx_word' id='word_1_346' title='bbox 85 3669 266 3727; x_wconf 88' lang='lat' dir='ltr'><strong>bonum.</strong></span> <span class='ocrx_word' id='word_1_347' title='bbox 296 3669 430 3729; x_wconf 83' lang='lat' dir='ltr'><strong>Sunt</strong></span> <span class='ocrx_word' id='word_1_348' title='bbox 467 3673 608 3727; x_wconf 89' lang='lat' dir='ltr'><strong>enim</strong></span> <span class='ocrx_word' id='word_1_349' title='bbox 630 3671 844 3742; x_wconf 87' lang='lat' dir='ltr'><strong>quidam</strong></span> <span class='ocrx_word' id='word_1_350' title='bbox 875 3680 1080 3726; x_wconf 88' lang='lat' dir='ltr'><strong>tantum</strong></span> <span class='ocrx_word' id='word_1_351' title='bbox 1115 3671 1451 3725; x_wconf 87' lang='lat' dir='ltr'><strong>attendentes</strong></span> <span class='ocrx_word' id='word_1_352' title='bbox 1491 3671 1629 3725; x_wconf 88' lang='lat' dir='ltr'><strong>mala</strong></span> 
     </span>
    </p>
   </div>
   <div class='ocr_carea' id='block_1_48' title="bbox 86 3741 1630 3811">
    <p class='ocr_par' dir='ltr' id='par_1_48' title="bbox 86 3741 1630 3811">
     <span class='ocr_line' id='line_1_48' title="bbox 86 3741 1630 3811; baseline 0.001 -17"><span class='ocrx_word' id='word_1_353' title='bbox 86 3757 178 3809; x_wconf 70' lang='lat' dir='ltr'><strong>qua:</strong></span> <span class='ocrx_word' id='word_1_354' title='bbox 199 3760 292 3799; x_wconf 90' lang='lat' dir='ltr'><strong>non</strong></span> <span class='ocrx_word' id='word_1_355' title='bbox 331 3744 532 3800; x_wconf 83' lang='lat' dir='ltr'><strong>faciunt</strong></span> <span class='ocrx_word' id='word_1_356' title='bbox 563 3761 576 3798; x_wconf 90' lang='lat'><strong>:</strong></span> <span class='ocrx_word' id='word_1_357' title='bbox 621 3741 753 3798; x_wconf 84' lang='lat' dir='ltr'><strong>istos</strong></span> <span class='ocrx_word' id='word_1_358' title='bbox 778 3741 1186 3811; x_wconf 88' lang='lat' dir='ltr'><strong>pusillanimitas</strong></span> <span class='ocrx_word' id='word_1_359' title='bbox 1215 3757 1242 3795; x_wconf 91' lang='lat' dir='ltr'><strong>a</strong></span> <span class='ocrx_word' id='word_1_360' title='bbox 1286 3742 1424 3796; x_wconf 91' lang='lat' dir='ltr'><strong>bono</strong></span> <span class='ocrx_word' id='word_1_361' title='bbox 1466 3756 1630 3810; x_wconf 87' lang='lat' dir='ltr'><strong>opere</strong></span> 
     </span>
    </p>
   </div>
   <div class='ocr_carea' id='block_1_49' title="bbox 86 3811 1629 3883">
    <p class='ocr_par' dir='ltr' id='par_1_49' title="bbox 86 3811 1629 3883">
     <span class='ocr_line' id='line_1_49' title="bbox 86 3811 1629 3883; baseline 0 -18"><span class='ocrx_word' id='word_1_362' title='bbox 86 3825 295 3880; x_wconf 84' lang='lat' dir='ltr'><strong>revocat,</strong></span> <span class='ocrx_word' id='word_1_363' title='bbox 322 3832 387 3871; x_wconf 92' lang='lat' dir='ltr'><strong>ne</strong></span> <span class='ocrx_word' id='word_1_364' title='bbox 412 3816 614 3870; x_wconf 90' lang='lat' dir='ltr'><strong>malum</strong></span> <span class='ocrx_word' id='word_1_365' title='bbox 641 3815 913 3883; x_wconf 90' lang='lat' dir='ltr'><strong>subripiat.</strong></span> <span class='ocrx_word' id='word_1_366' title='bbox 945 3813 1080 3868; x_wconf 92' lang='lat' dir='ltr'><strong>Sunt</strong></span> <span class='ocrx_word' id='word_1_367' title='bbox 1108 3812 1268 3883; x_wconf 91' lang='lat' dir='ltr'><strong>aliqui</strong></span> <span class='ocrx_word' id='word_1_368' title='bbox 1295 3811 1629 3867; x_wconf 87' lang='lat' dir='ltr'><strong>attendentes</strong></span> 
     </span>
    </p>
   </div>
   <div class='ocr_carea' id='block_1_50' title="bbox 88 3883 1630 3965">
    <p class='ocr_par' dir='ltr' id='par_1_50' title="bbox 88 3883 1630 3965">
     <span class='ocr_line' id='line_1_50' title="bbox 88 3883 1630 3965; baseline 0.003 -32"><span class='ocrx_word' id='word_1_369' title='bbox 88 3892 254 3965; x_wconf 82' lang='lat' dir='ltr'><strong>tantum</strong></span> <span class='ocrx_word' id='word_1_370' title='bbox 287 3887 420 3942; x_wconf 91' lang='lat' dir='ltr'><strong>bona</strong></span> <span class='ocrx_word' id='word_1_371' title='bbox 449 3901 569 3965; x_wconf 69' lang='lat' dir='ltr'><strong>qlia:</strong></span> <span class='ocrx_word' id='word_1_372' title='bbox 609 3884 846 3965; x_wconf 67' lang='lat' dir='ltr'><strong>iaciunt:</strong></span> <span class='ocrx_word' id='word_1_373' title='bbox 878 3885 957 3965; x_wconf 95' lang='lat' dir='ltr'><strong>illi</strong></span> <span class='ocrx_word' id='word_1_374' title='bbox 981 3886 1059 3939; x_wconf 93' lang='lat' dir='ltr'><strong>sic</strong></span> <span class='ocrx_word' id='word_1_375' title='bbox 1093 3883 1194 3965; x_wconf 77' lang='lat' dir='ltr'><strong>sibi</strong></span> <span class='ocrx_word' id='word_1_376' title='bbox 1221 3899 1254 3965; x_wconf 78' lang='lat' dir='ltr'><strong>a</strong></span> <span class='ocrx_word' id='word_1_377' title='bbox 1291 3883 1444 3965; x_wconf 45' lang='lat' dir='ltr'><strong>bono.</strong></span> <span class='ocrx_word' id='word_1_378' title='bbox 1467 3898 1630 3965; x_wconf 82' lang='lat' dir='ltr'><strong>opere</strong></span> 
     </span>
    </p>
   </div>
   <div class='ocr_carea' id='block_1_51' title="bbox 87 3954 1630 4025">
    <p class='ocr_par' dir='ltr' id='par_1_51' title="bbox 87 3954 1630 4025">
     <span class='ocr_line' id='line_1_51' title="bbox 87 3954 1630 4025; baseline 0.001 -19"><span class='ocrx_word' id='word_1_379' title='bbox 87 3958 374 4025; x_wconf 88' lang='lat' dir='ltr'><strong>complacent</strong></span> <span class='ocrx_word' id='word_1_380' title='bbox 390 3966 446 4014; x_wconf 92' lang='lat' dir='ltr'><strong>et</strong></span> <span class='ocrx_word' id='word_1_381' title='bbox 466 3954 828 4019; x_wconf 84' lang='lat' dir='ltr'><strong>blandiuntur,</strong></span> <span class='ocrx_word' id='word_1_382' title='bbox 852 3965 908 4010; x_wconf 92' lang='lat' dir='ltr'><strong>ut</strong></span> <span class='ocrx_word' id='word_1_383' title='bbox 927 3955 994 4010; x_wconf 90' lang='lat' dir='ltr'><strong>de</strong></span> <span class='ocrx_word' id='word_1_384' title='bbox 1016 3954 1286 4023; x_wconf 82' lang='lat' dir='ltr'><strong>pravitatis</strong></span> <span class='ocrx_word' id='word_1_385' title='bbox 1305 3954 1630 4008; x_wconf 84' lang='lat' dir='ltr'><strong>admixtione</strong></span> 
     </span>
    </p>
   </div>
   <div class='ocr_carea' id='block_1_52' title="bbox 86 4025 1624 4098">
    <p class='ocr_par' dir='ltr' id='par_1_52' title="bbox 86 4025 1624 4098">
     <span class='ocr_line' id='line_1_52' title="bbox 86 4025 1624 4098; baseline 0.002 -23"><span class='ocrx_word' id='word_1_386' title='bbox 86 4026 267 4098; x_wconf 81' lang='lat' dir='ltr'><strong>ininime</strong></span> <span class='ocrx_word' id='word_1_387' title='bbox 284 4037 598 4085; x_wconf 87' lang='lat' dir='ltr'><strong>terreantur.</strong></span> <span class='ocrx_word' id='word_1_388' title='bbox 623 4027 758 4084; x_wconf 89' lang='lat' dir='ltr'><strong>Sunt</strong></span> <span class='ocrx_word' id='word_1_389' title='bbox 775 4027 862 4082; x_wconf 90' lang='lat' dir='ltr'><strong>alii</strong></span> <span class='ocrx_word' id='word_1_390' title='bbox 885 4028 1150 4098; x_wconf 87' lang='lat' dir='ltr'><strong>sapientes</strong></span> <span class='ocrx_word' id='word_1_391' title='bbox 1170 4035 1228 4080; x_wconf 88' lang='lat' dir='ltr'><strong>ut</strong></span> <span class='ocrx_word' id='word_1_392' title='bbox 1252 4025 1446 4079; x_wconf 78' lang='lat' dir='ltr'><strong>faciant</strong></span> <span class='ocrx_word' id='word_1_393' title='bbox 1468 4025 1624 4098; x_wconf 84' lang='lat' dir='ltr'><strong>mala,</strong></span> 
     </span>
    </p>
   </div>
   <div class='ocr_carea' id='block_1_53' title="bbox 86 4093 1626 4166">
    <p class='ocr_par' dir='ltr' id='par_1_53' title="bbox 86 4093 1626 4166">
     <span class='ocr_line' id='line_1_53' title="bbox 86 4093 1626 4166; baseline 0.001 -18"><span class='ocrx_word' id='word_1_394' title='bbox 86 4093 196 4166; x_wconf 82' lang='lat' dir='ltr'><strong>bona</strong></span> <span class='ocrx_word' id='word_1_395' title='bbox 234 4111 398 4154; x_wconf 92' lang='lat' dir='ltr'><strong>autem</strong></span> <span class='ocrx_word' id='word_1_396' title='bbox 445 4099 622 4155; x_wconf 83' lang='lat' dir='ltr'><strong>facere</strong></span> <span class='ocrx_word' id='word_1_397' title='bbox 668 4099 911 4153; x_wconf 91' lang='lat' dir='ltr'><strong>nesciunt</strong></span> <span class='ocrx_word' id='word_1_398' title='bbox 935 4093 963 4150; x_wconf 76' lang='grc' dir='ltr'><strong>ε’</strong></span> <span class='ocrx_word' id='word_1_399' title='bbox 999 4098 1085 4152; x_wconf 92' lang='lat' dir='ltr'><strong>isti</strong></span> <span class='ocrx_word' id='word_1_400' title='bbox 1131 4098 1342 4166; x_wconf 88' lang='lat' dir='ltr'><strong>pessimi</strong></span> <span class='ocrx_word' id='word_1_401' title='bbox 1391 4096 1626 4149; x_wconf 89' lang='lat' dir='ltr'><strong>omnium</strong></span> 
     </span>
    </p>
   </div>
   <div class='ocr_carea' id='block_1_54' title="bbox 87 4165 1628 4236">
    <p class='ocr_par' dir='ltr' id='par_1_54' title="bbox 87 4165 1628 4236">
     <span class='ocr_line' id='line_1_54' title="bbox 87 4165 1628 4236; baseline 0.003 -20"><span class='ocrx_word' id='word_1_402' title='bbox 87 4165 293 4224; x_wconf 66' lang='lat' dir='ltr'><strong>laetantur</strong></span> <span class='ocrx_word' id='word_1_403' title='bbox 312 4187 430 4226; x_wconf 91' lang='lat' dir='ltr'><strong>cum</strong></span> <span class='ocrx_word' id='word_1_404' title='bbox 456 4171 592 4225; x_wconf 89' lang='lat' dir='ltr'><strong>male</strong></span> <span class='ocrx_word' id='word_1_405' title='bbox 619 4170 859 4236; x_wconf 81' lang='lat' dir='ltr'><strong>fecerint,</strong></span> <span class='ocrx_word' id='word_1_406' title='bbox 889 4177 943 4224; x_wconf 92' lang='lat' dir='ltr'><strong>et</strong></span> <span class='ocrx_word' id='word_1_407' title='bbox 965 4167 1231 4224; x_wconf 78' lang='lat' dir='ltr'><strong>exsultant</strong></span> <span class='ocrx_word' id='word_1_408' title='bbox 1251 4167 1303 4220; x_wconf 91' lang='lat' dir='ltr'><strong>in</strong></span> <span class='ocrx_word' id='word_1_409' title='bbox 1326 4167 1485 4221; x_wconf 87' lang='lat' dir='ltr'><strong>rebus</strong></span> <span class='ocrx_word' id='word_1_410' title='bbox 1510 4181 1628 4235; x_wconf 83' lang='lat' dir='ltr'><strong>pes-</strong></span> 
     </span>
    </p>
   </div>
   <div class='ocr_carea' id='block_1_55' title="bbox 87 4236 1629 4311">
    <p class='ocr_par' dir='ltr' id='par_1_55' title="bbox 87 4236 1629 4311">
     <span class='ocr_line' id='line_1_55' title="bbox 87 4236 1629 4311; baseline 0.003 -24"><span class='ocrx_word' id='word_1_411' title='bbox 87 4236 222 4293; x_wconf 85' lang='lat' dir='ltr'><strong>simis.</strong></span> <span class='ocrx_word' id='word_1_412' title='bbox 251 4242 374 4297; x_wconf 84' lang='lat' dir='ltr'><strong>Sunt</strong></span> <span class='ocrx_word' id='word_1_413' title='bbox 398 4242 491 4297; x_wconf 90' lang='lat' dir='ltr'><strong>alii</strong></span> <span class='ocrx_word' id='word_1_414' title='bbox 519 4249 820 4311; x_wconf 74' lang='lat' dir='ltr'><strong>quzerentes</strong></span> <span class='ocrx_word' id='word_1_415' title='bbox 845 4242 1008 4295; x_wconf 90' lang='lat' dir='ltr'><strong>Deum</strong></span> <span class='ocrx_word' id='word_1_416' title='bbox 1042 4255 1136 4311; x_wconf 88' lang='lat' dir='ltr'><strong>per</strong></span> <span class='ocrx_word' id='word_1_417' title='bbox 1163 4237 1445 4311; x_wconf 77' lang='lat' dir='ltr'><strong>exteriora,</strong></span> <span class='ocrx_word' id='word_1_418' title='bbox 1473 4237 1629 4292; x_wconf 85' lang='lat' dir='ltr'><strong>desc-</strong></span> 
     </span>
    </p>
   </div>
   <div class='ocr_carea' id='block_1_56' title="bbox 90 4310 1412 4382">
    <p class='ocr_par' dir='ltr' id='par_1_56' title="bbox 90 4310 1412 4382">
     <span class='ocr_line' id='line_1_56' title="bbox 90 4310 1412 4382; baseline 0.002 -24"><span class='ocrx_word' id='word_1_419' title='bbox 90 4319 232 4382; x_wconf 75' lang='lat' dir='ltr'><strong>rentes</strong></span> <span class='ocrx_word' id='word_1_420' title='bbox 260 4313 501 4368; x_wconf 90' lang='lat' dir='ltr'><strong>interiora</strong></span> <span class='ocrx_word' id='word_1_421' title='bbox 531 4310 644 4382; x_wconf 78' lang='lat' dir='ltr'><strong>sua,</strong></span> <span class='ocrx_word' id='word_1_422' title='bbox 673 4312 865 4382; x_wconf 88' lang='lat' dir='ltr'><strong>quibus</strong></span> <span class='ocrx_word' id='word_1_423' title='bbox 895 4311 1038 4365; x_wconf 89' lang='lat' dir='ltr'><strong>Deus</strong></span> <span class='ocrx_word' id='word_1_424' title='bbox 1063 4310 1285 4382; x_wconf 78' lang='lat' dir='ltr'><strong>interior</strong></span> <span class='ocrx_word' id='word_1_425' title='bbox 1311 4317 1412 4382; x_wconf 81' lang='lat' dir='ltr'><strong>est.</strong></span> 
     </span>
    </p>
   </div>
   <div class='ocr_carea' id='block_1_57' title="bbox 143 4378 1631 4452">
    <p class='ocr_par' dir='ltr' id='par_1_57' title="bbox 143 4378 1631 4452">
     <span class='ocr_line' id='line_1_57' title="bbox 143 4378 1631 4452; baseline -0.003 -14"><span class='ocrx_word' id='word_1_426' title='bbox 143 4379 340 4452; x_wconf 57' lang='lat' dir='ltr'><strong>CiPUT</strong></span> <span class='ocrx_word' id='word_1_427' title='bbox 376 4383 485 4439; x_wconf 86' lang='lat' dir='ltr'><strong>LII.</strong></span> <span class='ocrx_word' id='word_1_428' title='bbox 531 4378 840 4452; x_wconf 66' lang='lat' dir='ltr'><strong>Cognitionis</strong></span> <span class='ocrx_word' id='word_1_429' title='bbox 866 4391 962 4436; x_wconf 86' lang='lat' dir='ltr'><strong>tres</strong></span> <span class='ocrx_word' id='word_1_430' title='bbox 990 4381 1198 4452; x_wconf 83' lang='lat' dir='ltr'><strong>gradus.</strong></span> <span class='ocrx_word' id='word_1_431' title='bbox 1233 4378 1631 4452; x_wconf 12' lang='lat' dir='ltr'><strong>dientisidilata-</strong></span> 
     </span>
    </p>
   </div>
   <div class='ocr_carea' id='block_1_58' title="bbox 89 4449 1630 4510">
    <p class='ocr_par' dir='ltr' id='par_1_58' title="bbox 89 4449 1630 4510">
     <span class='ocr_line' id='line_1_58' title="bbox 89 4449 1630 4510; baseline 0.005 -11"><span class='ocrx_word' id='word_1_432' title='bbox 89 4449 158 4502; x_wconf 87' lang='lat' dir='ltr'><strong>tio.</strong></span> <span class='ocrx_word' id='word_1_433' title='bbox 184 4450 352 4509; x_wconf 79' lang='lat' dir='ltr'><strong>Mentis</strong></span> <span class='ocrx_word' id='word_1_434' title='bbox 380 4449 673 4510; x_wconf 73' lang='lat' dir='ltr'><strong>sublevatio.</strong></span> <span class='ocrx_word' id='word_1_435' title='bbox 702 4452 889 4507; x_wconf 79' lang='lat' dir='ltr'><strong>Mentis</strong></span> <span class='ocrx_word' id='word_1_436' title='bbox 934 4449 1190 4506; x_wconf 73' lang='lat' dir='ltr'><strong>alienatio.</strong></span> <span class='ocrx_word' id='word_1_437' title='bbox 1225 4449 1279 4502; x_wconf 83' lang='grc' dir='ltr'><em>Μ</em></span> <span class='ocrx_word' id='word_1_438' title='bbox 1286 4467 1372 4504; x_wconf 85' lang='lat' dir='ltr'><strong>ens</strong></span> <span class='ocrx_word' id='word_1_439' title='bbox 1415 4451 1630 4506; x_wconf 82' lang='lat' dir='ltr'><strong>hominis</strong></span> 
     </span>
    </p>
   </div>
   <div class='ocr_carea' id='block_1_59' title="bbox 89 4520 1627 4598">
    <p class='ocr_par' dir='ltr' id='par_1_59' title="bbox 89 4520 1627 4598">
     <span class='ocr_line' id='line_1_59' title="bbox 89 4520 1627 4598; baseline 0.003 -27"><span class='ocrx_word' id='word_1_440' title='bbox 89 4523 324 4598; x_wconf 75' lang='lat' dir='ltr'><strong>speculum,</strong></span> <span class='ocrx_word' id='word_1_441' title='bbox 345 4527 436 4598; x_wconf 66' lang='lat' dir='ltr'><strong>sed</strong></span> <span class='ocrx_word' id='word_1_442' title='bbox 481 4533 682 4598; x_wconf 85' lang='lat' dir='ltr'><strong>peccato</strong></span> <span class='ocrx_word' id='word_1_443' title='bbox 729 4525 1062 4598; x_wconf 68' lang='lat' dir='ltr'><strong>obscuratum.</strong></span> <span class='ocrx_word' id='word_1_444' title='bbox 1120 4520 1383 4598; x_wconf 80' lang='lat' dir='ltr'><strong>Quomodo</strong></span> <span class='ocrx_word' id='word_1_445' title='bbox 1433 4531 1627 4592; x_wconf 81' lang='lat' dir='ltr'><strong>tergen-</strong></span> 
     </span>
    </p>
   </div>
   <div class='ocr_carea' id='block_1_60' title="bbox 119 4593 1630 4667">
    <p class='ocr_par' dir='ltr' id='par_1_60' title="bbox 119 4593 1630 4667">
     <span class='ocr_line' id='line_1_60' title="bbox 119 4593 1630 4667; baseline 0 -21"><span class='ocrx_word' id='word_1_446' title='bbox 119 4609 200 4646; x_wconf 89' lang='lat' dir='ltr'><strong>um.</strong></span> <span class='ocrx_word' id='word_1_447' title='bbox 228 4595 294 4667; x_wconf 82' lang='grc' dir='ltr'><strong>(α)</strong></span> <span class='ocrx_word' id='word_1_448' title='bbox 326 4593 624 4652; x_wconf 73' lang='lat' dir='ltr'><strong>Redeamus</strong></span> <span class='ocrx_word' id='word_1_449' title='bbox 649 4610 781 4667; x_wconf 80' lang='lat' dir='ltr'><strong>ergo</strong></span> <span class='ocrx_word' id='word_1_450' title='bbox 804 4595 870 4650; x_wconf 89' lang='lat' dir='ltr'><strong>ad</strong></span> <span class='ocrx_word' id='word_1_451' title='bbox 900 4609 996 4648; x_wconf 91' lang='lat' dir='ltr'><strong>nos</strong></span> <span class='ocrx_word' id='word_1_452' title='bbox 1019 4635 1033 4658; x_wconf 91' lang='lat'><strong>,</strong></span> <span class='ocrx_word' id='word_1_453' title='bbox 1064 4603 1120 4647; x_wconf 88' lang='lat' dir='ltr'><strong>ut</strong></span> <span class='ocrx_word' id='word_1_454' title='bbox 1149 4593 1413 4667; x_wconf 78' lang='lat' dir='ltr'><strong>possimus</strong></span> <span class='ocrx_word' id='word_1_455' title='bbox 1437 4608 1630 4667; x_wconf 90' lang='lat' dir='ltr'><strong>ascen-</strong></span> 
     </span>
    </p>
   </div>
   <div class='ocr_carea' id='block_1_61' title="bbox 92 4660 1632 4737">
    <p class='ocr_par' dir='ltr' id='par_1_61' title="bbox 92 4660 1632 4737">
     <span class='ocr_line' id='line_1_61' title="bbox 92 4660 1632 4737; baseline 0.005 -26"><span class='ocrx_word' id='word_1_456' title='bbox 92 4660 192 4718; x_wconf 85' lang='lat' dir='ltr'><strong>dere</strong></span> <span class='ocrx_word' id='word_1_457' title='bbox 223 4660 288 4737; x_wconf 75' lang='lat' dir='ltr'><strong>ad</strong></span> <span class='ocrx_word' id='word_1_458' title='bbox 310 4683 422 4722; x_wconf 90' lang='lat' dir='ltr'><strong>nos.</strong></span> <span class='ocrx_word' id='word_1_459' title='bbox 451 4667 584 4721; x_wconf 87' lang='lat' dir='ltr'><strong>Tres</strong></span> <span class='ocrx_word' id='word_1_460' title='bbox 611 4660 873 4737; x_wconf 76' lang='lat' dir='ltr'><strong>siquidem</strong></span> <span class='ocrx_word' id='word_1_461' title='bbox 900 4660 1164 4737; x_wconf 75' lang='lat' dir='ltr'><strong>ascensus</strong></span> <span class='ocrx_word' id='word_1_462' title='bbox 1183 4673 1339 4737; x_wconf 82' lang='lat' dir='ltr'><strong>sunt.</strong></span> <span class='ocrx_word' id='word_1_463' title='bbox 1371 4664 1427 4737; x_wconf 85' lang='lat' dir='ltr'><strong>ln</strong></span> <span class='ocrx_word' id='word_1_464' title='bbox 1460 4665 1632 4737; x_wconf 83' lang='lat' dir='ltr'><strong>primo</strong></span> 
     </span>
    </p>
   </div>
   <div class='ocr_carea' id='block_1_62' title="bbox 93 4733 1629 4793">
    <p class='ocr_par' dir='ltr' id='par_1_62' title="bbox 93 4733 1629 4793">
     <span class='ocr_line' id='line_1_62' title="bbox 93 4733 1629 4793; baseline 0.002 -6"><span class='ocrx_word' id='word_1_465' title='bbox 93 4735 383 4793; x_wconf 82' lang='lat' dir='ltr'><strong>ascendimus</strong></span> <span class='ocrx_word' id='word_1_466' title='bbox 427 4738 494 4791; x_wconf 90' lang='lat' dir='ltr'><strong>ab</strong></span> <span class='ocrx_word' id='word_1_467' title='bbox 521 4737 637 4793; x_wconf 90' lang='lat' dir='ltr'><strong>istis</strong></span> <span class='ocrx_word' id='word_1_468' title='bbox 679 4733 1037 4792; x_wconf 80' lang='lat' dir='ltr'><strong>exterioribus</strong></span> <span class='ocrx_word' id='word_1_469' title='bbox 1077 4744 1131 4790; x_wconf 89' lang='lat' dir='ltr'><strong>et</strong></span> <span class='ocrx_word' id='word_1_470' title='bbox 1177 4733 1516 4790; x_wconf 82' lang='lat' dir='ltr'><strong>inferioribus</strong></span> <span class='ocrx_word' id='word_1_471' title='bbox 1562 4735 1629 4790; x_wconf 89' lang='lat' dir='ltr'><strong>ad</strong></span> 
     </span>
    </p>
   </div>
   <div class='ocr_carea' id='block_1_63' title="bbox 92 4804 1625 4879">
    <p class='ocr_par' dir='ltr' id='par_1_63' title="bbox 92 4804 1625 4879">
     <span class='ocr_line' id='line_1_63' title="bbox 92 4804 1625 4879; baseline 0.004 -26"><span class='ocrx_word' id='word_1_472' title='bbox 92 4817 185 4857; x_wconf 80' lang='lat' dir='ltr'><strong>nos.</strong></span> <span class='ocrx_word' id='word_1_473' title='bbox 231 4806 282 4879; x_wconf 87' lang='lat' dir='ltr'><strong>In</strong></span> <span class='ocrx_word' id='word_1_474' title='bbox 321 4809 553 4864; x_wconf 88' lang='lat' dir='ltr'><strong>secundo</strong></span> <span class='ocrx_word' id='word_1_475' title='bbox 604 4807 941 4862; x_wconf 87' lang='lat' dir='ltr'><strong>ascendimus</strong></span> <span class='ocrx_word' id='word_1_476' title='bbox 981 4806 1055 4879; x_wconf 84' lang='lat' dir='ltr'><strong>ad</strong></span> <span class='ocrx_word' id='word_1_477' title='bbox 1098 4821 1192 4860; x_wconf 91' lang='lat' dir='ltr'><strong>cor</strong></span> <span class='ocrx_word' id='word_1_478' title='bbox 1221 4807 1397 4879; x_wconf 71' lang='lat' dir='ltr'><strong>altum</strong></span> <span class='ocrx_word' id='word_1_479' title='bbox 1442 4804 1625 4879; x_wconf 82' lang='lat' dir='ltr'><strong>(Psal.</strong></span> 
     </span>
    </p>
   </div>
   <div class='ocr_carea' id='block_1_64' title="bbox 94 4877 1628 4949">
    <p class='ocr_par' dir='ltr' id='par_1_64' title="bbox 94 4877 1628 4949">
     <span class='ocr_line' id='line_1_64' title="bbox 94 4877 1628 4949; baseline 0.003 -22"><span class='ocrx_word' id='word_1_480' title='bbox 94 4886 217 4949; x_wconf 73' lang='lat' dir='ltr'><strong>uni,</strong></span> <span class='ocrx_word' id='word_1_481' title='bbox 243 4878 329 4949; x_wconf 90' lang='lat'><strong>7):</strong></span> <span class='ocrx_word' id='word_1_482' title='bbox 360 4889 557 4949; x_wconf 88' lang='lat' dir='ltr'><strong>quanto</strong></span> <span class='ocrx_word' id='word_1_483' title='bbox 586 4894 815 4948; x_wconf 87' lang='lat' dir='ltr'><strong>namque</strong></span> <span class='ocrx_word' id='word_1_484' title='bbox 855 4877 1081 4948; x_wconf 87' lang='lat' dir='ltr'><strong>amplius</strong></span> <span class='ocrx_word' id='word_1_485' title='bbox 1108 4877 1459 4949; x_wconf 80' lang='lat' dir='ltr'><strong>proﬁcimus,</strong></span> <span class='ocrx_word' id='word_1_486' title='bbox 1483 4886 1628 4932; x_wconf 90' lang='lat' dir='ltr'><strong>tanto</strong></span> 
     </span>
    </p>
   </div>
   <div class='ocr_carea' id='block_1_65' title="bbox 93 4947 1628 5014">
    <p class='ocr_par' dir='ltr' id='par_1_65' title="bbox 93 4947 1628 5014">
     <span class='ocr_line' id='line_1_65' title="bbox 93 4947 1628 5014; baseline 0.004 -18"><span class='ocrx_word' id='word_1_487' title='bbox 93 4947 286 5014; x_wconf 80' lang='lat' dir='ltr'><strong>amplius</strong></span> <span class='ocrx_word' id='word_1_488' title='bbox 302 4947 651 5005; x_wconf 84' lang='lat' dir='ltr'><strong>ascendimus.</strong></span> <span class='ocrx_word' id='word_1_489' title='bbox 684 4947 784 5014; x_wconf 82' lang='lat' dir='ltr'><strong>Qui</strong></span> <span class='ocrx_word' id='word_1_490' title='bbox 811 4947 958 5004; x_wconf 87' lang='lat' dir='ltr'><strong>enim</strong></span> <span class='ocrx_word' id='word_1_491' title='bbox 987 4965 1091 5003; x_wconf 91' lang='lat' dir='ltr'><strong>non</strong></span> <span class='ocrx_word' id='word_1_492' title='bbox 1115 4948 1372 5012; x_wconf 80' lang='lat' dir='ltr'><strong>ascendit,</strong></span> <span class='ocrx_word' id='word_1_493' title='bbox 1401 4947 1628 5002; x_wconf 75' lang='lat' dir='ltr'><strong>descen—</strong></span> 
     </span>
    </p>
   </div>
   <div class='ocr_carea' id='block_1_66' title="bbox 93 5011 1629 5092">
    <p class='ocr_par' dir='ltr' id='par_1_66' title="bbox 93 5011 1629 5092">
     <span class='ocr_line' id='line_1_66' title="bbox 93 5011 1629 5092; baseline -0.003 -15"><span class='ocrx_word' id='word_1_494' title='bbox 93 5011 223 5092; x_wconf 56' lang='lat' dir='ltr'><strong>qilict</strong></span> <span class='ocrx_word' id='word_1_495' title='bbox 239 5021 319 5092; x_wconf 90' lang='lat' dir='ltr'><strong>qui</strong></span> <span class='ocrx_word' id='word_1_496' title='bbox 343 5036 439 5076; x_wconf 92' lang='lat' dir='ltr'><strong>non</strong></span> <span class='ocrx_word' id='word_1_497' title='bbox 466 5011 912 5092; x_wconf 37' lang='lat' dir='ltr'><strong>prolicitfdeﬁcit.</strong></span> <span class='ocrx_word' id='word_1_498' title='bbox 939 5019 992 5073; x_wconf 96' lang='lat' dir='ltr'><strong>ln</strong></span> <span class='ocrx_word' id='word_1_499' title='bbox 1017 5020 1171 5092; x_wconf 90' lang='lat' dir='ltr'><strong>tertio</strong></span> <span class='ocrx_word' id='word_1_500' title='bbox 1191 5011 1413 5092; x_wconf 74' lang='lat' dir='ltr'><strong>ascensu</strong></span> <span class='ocrx_word' id='word_1_501' title='bbox 1443 5033 1629 5092; x_wconf 83' lang='lat' dir='ltr'><strong>ascen-</strong></span> 
     </span>
    </p>
   </div>
   <div class='ocr_carea' id='block_1_67' title="bbox 94 5082 1628 5150">
    <p class='ocr_par' dir='ltr' id='par_1_67' title="bbox 94 5082 1628 5150">
     <span class='ocr_line' id='line_1_67' title="bbox 94 5082 1628 5150; baseline 0.007 -16"><span class='ocrx_word' id='word_1_502' title='bbox 94 5082 237 5142; x_wconf 88' lang='lat' dir='ltr'><strong>dimus</strong></span> <span class='ocrx_word' id='word_1_503' title='bbox 254 5082 321 5144; x_wconf 69' lang='lat' dir='ltr'><strong>ed</strong></span> <span class='ocrx_word' id='word_1_504' title='bbox 349 5082 529 5148; x_wconf 80' lang='lat' dir='ltr'><strong>Deum.</strong></span> <span class='ocrx_word' id='word_1_505' title='bbox 571 5082 780 5146; x_wconf 79' lang='lat' dir='ltr'><strong>Primus</strong></span> <span class='ocrx_word' id='word_1_506' title='bbox 808 5105 1062 5150; x_wconf 85' lang='lat' dir='ltr'><strong>ascensus</strong></span> <span class='ocrx_word' id='word_1_507' title='bbox 1105 5089 1161 5143; x_wconf 86' lang='lat' dir='ltr'><strong>lit</strong></span> <span class='ocrx_word' id='word_1_508' title='bbox 1203 5089 1628 5144; x_wconf 85' lang='lat' dir='ltr'><strong>consideratione</strong></span> 
     </span>
    </p>
   </div>
   <div class='ocr_carea' id='block_1_68' title="bbox 96 5159 1626 5231">
    <p class='ocr_par' dir='ltr' id='par_1_68' title="bbox 96 5159 1626 5231">
     <span class='ocr_line' id='line_1_68' title="bbox 96 5159 1626 5231; baseline 0.003 -22"><span class='ocrx_word' id='word_1_509' title='bbox 96 5159 274 5231; x_wconf 83' lang='lat' dir='ltr'><strong>mundi,</strong></span> <span class='ocrx_word' id='word_1_510' title='bbox 315 5171 366 5216; x_wconf 91' lang='lat' dir='ltr'><strong>et</strong></span> <span class='ocrx_word' id='word_1_511' title='bbox 400 5171 725 5231; x_wconf 87' lang='lat' dir='ltr'><strong>contemptu.</strong></span> <span class='ocrx_word' id='word_1_512' title='bbox 774 5161 1172 5216; x_wconf 89' lang='lat' dir='ltr'><strong>Considerando</strong></span> <span class='ocrx_word' id='word_1_513' title='bbox 1213 5176 1442 5229; x_wconf 91' lang='lat' dir='ltr'><strong>namque</strong></span> <span class='ocrx_word' id='word_1_514' title='bbox 1469 5176 1626 5230; x_wconf 91' lang='lat' dir='ltr'><strong>quam</strong></span> 
     </span>
    </p>
   </div>
   <div class='ocr_carea' id='block_1_69' title="bbox 96 5227 1627 5299">
    <p class='ocr_par' dir='ltr' id='par_1_69' title="bbox 96 5227 1627 5299">
     <span class='ocr_line' id='line_1_69' title="bbox 96 5227 1627 5299; baseline 0.007 -23"><span class='ocrx_word' id='word_1_515' title='bbox 96 5227 257 5284; x_wconf 88' lang='lat' dir='ltr'><strong>caduca</strong></span> <span class='ocrx_word' id='word_1_516' title='bbox 283 5242 332 5286; x_wconf 91' lang='lat' dir='ltr'><strong>et</strong></span> <span class='ocrx_word' id='word_1_517' title='bbox 361 5227 658 5288; x_wconf 86' lang='lat' dir='ltr'><strong>transitoria</strong></span> <span class='ocrx_word' id='word_1_518' title='bbox 688 5232 795 5286; x_wconf 92' lang='lat' dir='ltr'><strong>sint</strong></span> <span class='ocrx_word' id='word_1_519' title='bbox 822 5236 919 5286; x_wconf 89' lang='lat' dir='ltr'><strong>ista</strong></span> <span class='ocrx_word' id='word_1_520' title='bbox 963 5242 1196 5299; x_wconf 89' lang='lat' dir='ltr'><strong>terrena,</strong></span> <span class='ocrx_word' id='word_1_521' title='bbox 1237 5227 1627 5286; x_wconf 75' lang='lat' dir='ltr'><strong>contemnimus</strong></span> 
     </span>
    </p>
   </div>
   <div class='ocr_carea' id='block_1_70' title="bbox 95 5302 1626 5372">
    <p class='ocr_par' dir='ltr' id='par_1_70' title="bbox 95 5302 1626 5372">
     <span class='ocr_line' id='line_1_70' title="bbox 95 5302 1626 5372; baseline 0 -18"><span class='ocrx_word' id='word_1_522' title='bbox 95 5309 169 5372; x_wconf 74' lang='lat' dir='ltr'><strong>ea,</strong></span> <span class='ocrx_word' id='word_1_523' title='bbox 194 5309 239 5354; x_wconf 89' lang='lat' dir='ltr'><strong>et</strong></span> <span class='ocrx_word' id='word_1_524' title='bbox 263 5302 483 5358; x_wconf 91' lang='lat' dir='ltr'><strong>redimus</strong></span> <span class='ocrx_word' id='word_1_525' title='bbox 528 5304 593 5358; x_wconf 88' lang='lat' dir='ltr'><strong>ad</strong></span> <span class='ocrx_word' id='word_1_526' title='bbox 620 5318 738 5358; x_wconf 92' lang='lat' dir='ltr'><strong>nos.</strong></span> <span class='ocrx_word' id='word_1_527' title='bbox 765 5303 1041 5359; x_wconf 89' lang='lat' dir='ltr'><strong>Secundus</strong></span> <span class='ocrx_word' id='word_1_528' title='bbox 1069 5317 1324 5357; x_wconf 90' lang='lat' dir='ltr'><strong>ascensus</strong></span> <span class='ocrx_word' id='word_1_529' title='bbox 1353 5304 1410 5357; x_wconf 87' lang='lat' dir='ltr'><strong>lit</strong></span> <span class='ocrx_word' id='word_1_530' title='bbox 1439 5303 1626 5372; x_wconf 86' lang='lat' dir='ltr'><strong>cogni-</strong></span> 
     </span>
    </p>
   </div>
   <div class='ocr_carea' id='block_1_71' title="bbox 100 5368 1626 5445">
    <p class='ocr_par' dir='ltr' id='par_1_71' title="bbox 100 5368 1626 5445">
     <span class='ocr_line' id='line_1_71' title="bbox 100 5368 1626 5445; baseline 0.003 -22"><span class='ocrx_word' id='word_1_531' title='bbox 100 5368 214 5423; x_wconf 79' lang='lat' dir='ltr'><strong>linne</strong></span> <span class='ocrx_word' id='word_1_532' title='bbox 245 5381 614 5445; x_wconf 90' lang='lat' dir='ltr'><strong>eteontemptu</strong></span> <span class='ocrx_word' id='word_1_533' title='bbox 656 5375 845 5429; x_wconf 87' lang='lat' dir='ltr'><strong>nostri.</strong></span> <span class='ocrx_word' id='word_1_534' title='bbox 891 5372 1024 5428; x_wconf 87' lang='lat' dir='ltr'><strong>Cum</strong></span> <span class='ocrx_word' id='word_1_535' title='bbox 1071 5374 1212 5428; x_wconf 91' lang='lat' dir='ltr'><strong>enim</strong></span> <span class='ocrx_word' id='word_1_536' title='bbox 1257 5368 1626 5445; x_wconf 79' lang='lat' dir='ltr'><strong>cognoscimus</strong></span> 
     </span>
    </p>
   </div>
   <div class='ocr_carea' id='block_1_72' title="bbox 95 5443 1628 5514">
    <p class='ocr_par' dir='ltr' id='par_1_72' title="bbox 95 5443 1628 5514">
     <span class='ocr_line' id='line_1_72' title="bbox 95 5443 1628 5514; baseline 0.005 -22"><span class='ocrx_word' id='word_1_537' title='bbox 95 5451 224 5514; x_wconf 70' lang='lat' dir='ltr'><strong>quam</strong></span> <span class='ocrx_word' id='word_1_538' title='bbox 261 5446 400 5512; x_wconf 87' lang='lat' dir='ltr'><strong>proni</strong></span> <span class='ocrx_word' id='word_1_539' title='bbox 443 5443 609 5501; x_wconf 77' lang='lat' dir='ltr'><strong>sinius</strong></span> <span class='ocrx_word' id='word_1_540' title='bbox 637 5445 704 5500; x_wconf 92' lang='lat' dir='ltr'><strong>ad</strong></span> <span class='ocrx_word' id='word_1_541' title='bbox 749 5445 977 5504; x_wconf 89' lang='lat' dir='ltr'><strong>malum.</strong></span> <span class='ocrx_word' id='word_1_542' title='bbox 1023 5454 1075 5498; x_wconf 92' lang='lat' dir='ltr'><strong>et</strong></span> <span class='ocrx_word' id='word_1_543' title='bbox 1105 5459 1261 5514; x_wconf 89' lang='lat' dir='ltr'><strong>quam</strong></span> <span class='ocrx_word' id='word_1_544' title='bbox 1303 5445 1519 5499; x_wconf 87' lang='lat' dir='ltr'><strong>invalidi</strong></span> <span class='ocrx_word' id='word_1_545' title='bbox 1559 5443 1628 5499; x_wconf 89' lang='lat' dir='ltr'><strong>ad</strong></span> 
     </span>
    </p>
   </div>
   <div class='ocr_carea' id='block_1_73' title="bbox 98 5504 1622 5583">
    <p class='ocr_par' dir='ltr' id='par_1_73' title="bbox 98 5504 1622 5583">
     <span class='ocr_line' id='line_1_73' title="bbox 98 5504 1622 5583; baseline 0.002 -18"><span class='ocrx_word' id='word_1_546' title='bbox 98 5504 285 5583; x_wconf 49' lang='lat' dir='ltr'><strong>bonum}</strong></span> <span class='ocrx_word' id='word_1_547' title='bbox 325 5517 746 5583; x_wconf 85' lang='lat' dir='ltr'><strong>contemnimus,</strong></span> <span class='ocrx_word' id='word_1_548' title='bbox 795 5524 847 5570; x_wconf 89' lang='lat' dir='ltr'><strong>et</strong></span> <span class='ocrx_word' id='word_1_549' title='bbox 896 5504 1234 5571; x_wconf 78' lang='lat' dir='ltr'><strong>ascendimus</strong></span> <span class='ocrx_word' id='word_1_550' title='bbox 1289 5530 1446 5583; x_wconf 88' lang='lat' dir='ltr'><strong>supra</strong></span> <span class='ocrx_word' id='word_1_551' title='bbox 1507 5531 1622 5570; x_wconf 93' lang='lat' dir='ltr'><strong>nos.</strong></span> 
     </span>
    </p>
   </div>
   <div class='ocr_carea' id='block_1_74' title="bbox 98 5573 1628 5658">
    <p class='ocr_par' dir='ltr' id='par_1_74' title="bbox 98 5573 1628 5658">
     <span class='ocr_line' id='line_1_74' title="bbox 98 5573 1628 5658; baseline 0.007 -26"><span class='ocrx_word' id='word_1_552' title='bbox 98 5573 283 5638; x_wconf 82' lang='lat' dir='ltr'><strong>Tertius</strong></span> <span class='ocrx_word' id='word_1_553' title='bbox 307 5601 546 5644; x_wconf 86' lang='lat' dir='ltr'><strong>ascensus</strong></span> <span class='ocrx_word' id='word_1_554' title='bbox 588 5588 648 5644; x_wconf 84' lang='lat' dir='ltr'><strong>ﬁt</strong></span> <span class='ocrx_word' id='word_1_555' title='bbox 686 5573 988 5658; x_wconf 81' lang='lat' dir='ltr'><strong>cognitione</strong></span> <span class='ocrx_word' id='word_1_556' title='bbox 1030 5594 1085 5641; x_wconf 91' lang='lat' dir='ltr'><strong>et</strong></span> <span class='ocrx_word' id='word_1_557' title='bbox 1130 5599 1314 5641; x_wconf 90' lang='lat' dir='ltr'><strong>amore</strong></span> <span class='ocrx_word' id='word_1_558' title='bbox 1357 5573 1474 5641; x_wconf 81' lang='lat' dir='ltr'><strong>Dei.</strong></span> <span class='ocrx_word' id='word_1_559' title='bbox 1525 5585 1628 5642; x_wconf 88' lang='lat' dir='ltr'><strong>Iste</strong></span> 
     </span>
    </p>
   </div>
   <div class='ocr_carea' id='block_1_75' title="bbox 150 5733 306 5798">
    <p class='ocr_par' dir='ltr' id='par_1_75' title="bbox 150 5733 306 5798">
     <span class='ocr_line' id='line_1_75' title="bbox 150 5733 306 5798; baseline 0 0"><span class='ocrx_word' id='word_1_560' title='bbox 150 5733 306 5798; x_wconf 59' lang='lat' dir='ltr'><strong>HW!</strong></span> 
     </span>
    </p>
   </div>
   <div class='ocr_carea' id='block_1_76' title="bbox 149 5795 386 5865">
    <p class='ocr_par' dir='ltr' id='par_1_76' title="bbox 149 5795 386 5865">
     <span class='ocr_line' id='line_1_76' title="bbox 149 5795 386 5865; baseline 0.013 -16"><span class='ocrx_word' id='word_1_561' title='bbox 149 5795 167 5865; x_wconf 53' lang='grc' dir='ltr'><strong>Ἴ</strong></span> <span class='ocrx_word' id='word_1_562' title='bbox 195 5795 315 5865; x_wconf 56' lang='lat' dir='ltr'><strong>Alias,</strong></span> <span class='ocrx_word' id='word_1_563' title='bbox 329 5802 386 5865; x_wconf 87' lang='lat' dir='ltr'><strong>ju</strong></span> 
     </span>
    </p>
   </div>
   <div class='ocr_carea' id='block_1_77' title="bbox 421 5744 798 5807">
    <p class='ocr_par' dir='ltr' id='par_1_77' title="bbox 421 5744 798 5807">
     <span class='ocr_line' id='line_1_77' title="bbox 421 5744 798 5807; baseline -0.013 -12"><span class='ocrx_word' id='word_1_564' title='bbox 421 5757 580 5807; x_wconf 77' lang='lat' dir='ltr'><strong>onem,</strong></span> <span class='ocrx_word' id='word_1_565' title='bbox 603 5744 798 5807; x_wconf 79' lang='lat' dir='ltr'><strong>factum.</strong></span> 
     </span>
    </p>
   </div>
   <div class='ocr_carea' id='block_1_78' title="bbox 154 5804 1438 5933">
    <p class='ocr_par' dir='ltr' id='par_1_78' title="bbox 154 5804 1438 5933">
     <span class='ocr_line' id='line_1_78' title="bbox 154 5804 611 5865; baseline 0.007 -14"><span class='ocrx_word' id='word_1_566' title='bbox 154 5804 167 5826; x_wconf 94' lang='lat'><strong>&#39;</strong></span> <span class='ocrx_word' id='word_1_567' title='bbox 195 5804 315 5862; x_wconf 76' lang='lat' dir='ltr'><strong>Alias,</strong></span> <span class='ocrx_word' id='word_1_568' title='bbox 329 5804 579 5865; x_wconf 72' lang='lat' dir='ltr'><strong>judicium.</strong></span> <span class='ocrx_word' id='word_1_569' title='bbox 604 5804 611 5807; x_wconf 56' lang='grc'><em>“</em></span> 
     </span>
     <span class='ocr_line' id='line_1_79' title="bbox 154 5861 1438 5933; baseline 0 -16"><span class='ocrx_word' id='word_1_570' title='bbox 154 5861 213 5922; x_wconf 76' lang='grc' dir='ltr'><strong>(α)</strong></span> <span class='ocrx_word' id='word_1_571' title='bbox 241 5867 296 5914; x_wconf 76' lang='lat' dir='ltr'><strong>Ex</strong></span> <span class='ocrx_word' id='word_1_572' title='bbox 328 5873 441 5933; x_wconf 84' lang='lat' dir='ltr'><strong>llug.</strong></span> <span class='ocrx_word' id='word_1_573' title='bbox 465 5869 601 5932; x_wconf 81' lang='lat' dir='ltr'><strong>vict.,</strong></span> <span class='ocrx_word' id='word_1_574' title='bbox 624 5868 687 5920; x_wconf 88' lang='lat' dir='ltr'><strong>de</strong></span> <span class='ocrx_word' id='word_1_575' title='bbox 722 5876 836 5918; x_wconf 80' lang='lat' dir='ltr'><strong>Area</strong></span> <span class='ocrx_word' id='word_1_576' title='bbox 865 5864 1019 5918; x_wconf 72' lang='lat' dir='ltr'><strong>litorali</strong></span> <span class='ocrx_word' id='word_1_577' title='bbox 1036 5899 1053 5929; x_wconf 89' lang='lat'><strong>,</strong></span> <span class='ocrx_word' id='word_1_578' title='bbox 1076 5863 1162 5915; x_wconf 88' lang='lat' dir='ltr'><strong>lib.</strong></span> <span class='ocrx_word' id='word_1_579' title='bbox 1184 5864 1235 5928; x_wconf 76' lang='lat'><strong>3,</strong></span> <span class='ocrx_word' id='word_1_580' title='bbox 1258 5875 1364 5929; x_wconf 69' lang='lat' dir='ltr'><strong>mp.</strong></span> <span class='ocrx_word' id='word_1_581' title='bbox 1387 5863 1438 5917; x_wconf 85' lang='grc' dir='ltr'><strong>ϐ.</strong></span> 
     </span>
    </p>
   </div>
   <div class='ocr_carea' id='block_1_79' title="bbox 3244 371 3347 428">
    <p class='ocr_par' dir='ltr' id='par_1_79' title="bbox 3244 371 3347 428">
     <span class='ocr_line' id='line_1_80' title="bbox 3244 371 3347 428; baseline -0.019 0"><span class='ocrx_word' id='word_1_582' title='bbox 3244 371 3347 428; x_wconf 77' lang='grc'><strong>818</strong></span> 
     </span>
    </p>
   </div>
   <div class='ocr_carea' id='block_1_80' title="bbox 1762 472 3349 551">
    <p class='ocr_par' dir='ltr' id='par_1_80' title="bbox 1762 472 3349 551">
     <span class='ocr_line' id='line_1_81' title="bbox 1762 472 3349 551; baseline 0.011 -24"><span class='ocrx_word' id='word_1_583' title='bbox 1762 472 1952 551; x_wconf 78' lang='lat' dir='ltr'><strong>tertius</strong></span> <span class='ocrx_word' id='word_1_584' title='bbox 1991 489 2246 530; x_wconf 90' lang='lat' dir='ltr'><strong>ascensus</strong></span> <span class='ocrx_word' id='word_1_585' title='bbox 2268 475 2538 551; x_wconf 73' lang='lat' dir='ltr'><strong>litmentis</strong></span> <span class='ocrx_word' id='word_1_586' title='bbox 2567 480 2904 551; x_wconf 86' lang='lat' dir='ltr'><strong>dilatatione,</strong></span> <span class='ocrx_word' id='word_1_587' title='bbox 2937 494 2992 540; x_wconf 90' lang='lat' dir='ltr'><strong>et</strong></span> <span class='ocrx_word' id='word_1_588' title='bbox 3020 489 3217 543; x_wconf 82' lang='lat' dir='ltr'><strong>mentis</strong></span> <span class='ocrx_word' id='word_1_589' title='bbox 3257 503 3349 543; x_wconf 73' lang='lat' dir='ltr'><strong>su~</strong></span> 
     </span>
    </p>
   </div>
   <div class='ocr_carea' id='block_1_81' title="bbox 1755 544 3339 624">
    <p class='ocr_par' dir='ltr' id='par_1_81' title="bbox 1755 544 3339 624">
     <span class='ocr_line' id='line_1_82' title="bbox 1755 544 3339 624; baseline 0.01 -25"><span class='ocrx_word' id='word_1_590' title='bbox 1755 544 2074 624; x_wconf 73' lang='lat' dir='ltr'><strong>blevatiope,</strong></span> <span class='ocrx_word' id='word_1_591' title='bbox 2106 556 2161 602; x_wconf 92' lang='lat' dir='ltr'><strong>et</strong></span> <span class='ocrx_word' id='word_1_592' title='bbox 2184 547 2376 624; x_wconf 89' lang='lat' dir='ltr'><strong>mentis</strong></span> <span class='ocrx_word' id='word_1_593' title='bbox 2402 549 2738 624; x_wconf 85' lang='lat' dir='ltr'><strong>alienatione.</strong></span> <span class='ocrx_word' id='word_1_594' title='bbox 2764 544 2954 610; x_wconf 79' lang='lat' dir='ltr'><strong>Mentis</strong></span> <span class='ocrx_word' id='word_1_595' title='bbox 2975 556 3212 614; x_wconf 87' lang='lat' dir='ltr'><strong>dilatalio</strong></span> <span class='ocrx_word' id='word_1_596' title='bbox 3237 571 3339 624; x_wconf 91' lang='lat' dir='ltr'><strong>est,</strong></span> 
     </span>
    </p>
   </div>
   <div class='ocr_carea' id='block_1_82' title="bbox 1754 615 3339 695">
    <p class='ocr_par' dir='ltr' id='par_1_82' title="bbox 1754 615 3339 695">
     <span class='ocr_line' id='line_1_83' title="bbox 1754 615 3339 695; baseline 0.011 -26"><span class='ocrx_word' id='word_1_597' title='bbox 1754 629 1884 695; x_wconf 69' lang='lat' dir='ltr'><strong>enni</strong></span> <span class='ocrx_word' id='word_1_598' title='bbox 1915 615 2014 695; x_wconf 82' lang='lat' dir='ltr'><strong>sub</strong></span> <span class='ocrx_word' id='word_1_599' title='bbox 2039 632 2145 695; x_wconf 81' lang='lat' dir='ltr'><strong>uno</strong></span> <span class='ocrx_word' id='word_1_600' title='bbox 2163 618 2374 695; x_wconf 76' lang='lat' dir='ltr'><strong>mentis</strong></span> <span class='ocrx_word' id='word_1_601' title='bbox 2407 629 2624 695; x_wconf 79' lang='lat' dir='ltr'><strong>aspectu</strong></span> <span class='ocrx_word' id='word_1_602' title='bbox 2667 623 2814 692; x_wconf 89' lang='lat' dir='ltr'><strong>plura</strong></span> <span class='ocrx_word' id='word_1_603' title='bbox 2841 628 3225 695; x_wconf 89' lang='lat' dir='ltr'><strong>conspicimus,</strong></span> <span class='ocrx_word' id='word_1_604' title='bbox 3259 615 3339 687; x_wconf 86' lang='lat' dir='ltr'><strong>vel</strong></span> 
     </span>
    </p>
   </div>
   <div class='ocr_carea' id='block_1_83' title="bbox 1753 687 3340 762">
    <p class='ocr_par' dir='ltr' id='par_1_83' title="bbox 1753 687 3340 762">
     <span class='ocr_line' id='line_1_84' title="bbox 1753 687 3340 762; baseline 0.008 -19"><span class='ocrx_word' id='word_1_605' title='bbox 1753 687 1820 762; x_wconf 85' lang='lat' dir='ltr'><strong>de</strong></span> <span class='ocrx_word' id='word_1_606' title='bbox 1851 687 1942 762; x_wconf 88' lang='lat' dir='ltr'><strong>Dei</strong></span> <span class='ocrx_word' id='word_1_607' title='bbox 1966 688 2226 762; x_wconf 85' lang='lat' dir='ltr'><strong>sapientia</strong></span> <span class='ocrx_word' id='word_1_608' title='bbox 2247 689 2376 762; x_wconf 86' lang='lat' dir='ltr'><strong>,_vel</strong></span> <span class='ocrx_word' id='word_1_609' title='bbox 2401 687 2609 761; x_wconf 25' lang='lat' dir='ltr'><strong>de‘ejus</strong></span> <span class='ocrx_word' id='word_1_610' title='bbox 2638 687 2872 761; x_wconf 79' lang='lat' dir='ltr'><strong>petentia</strong></span> <span class='ocrx_word' id='word_1_611' title='bbox 2893 737 2909 762; x_wconf 90' lang='lat'><strong>,</strong></span> <span class='ocrx_word' id='word_1_612' title='bbox 2942 687 3026 751; x_wconf 87' lang='lat' dir='ltr'><strong>vel</strong></span> <span class='ocrx_word' id='word_1_613' title='bbox 3053 697 3120 753; x_wconf 92' lang='lat' dir='ltr'><strong>de</strong></span> <span class='ocrx_word' id='word_1_614' title='bbox 3149 687 3340 756; x_wconf 74' lang='lat' dir='ltr'><strong>cuncta</strong></span> 
     </span>
    </p>
   </div>
   <div class='ocr_carea' id='block_1_84' title="bbox 1751 757 3342 834">
    <p class='ocr_par' dir='ltr' id='par_1_84' title="bbox 1751 757 3342 834">
     <span class='ocr_line' id='line_1_85' title="bbox 1751 757 3342 834; baseline 0.009 -22"><span class='ocrx_word' id='word_1_615' title='bbox 1751 757 2233 834; x_wconf 82' lang='lat' dir='ltr'><strong>bonitate._lntueri_</strong></span> <span class='ocrx_word' id='word_1_616' title='bbox 2255 757 2690 833; x_wconf 58' lang='lat' dir='ltr'><strong>debemus&#39;quain</strong></span> <span class='ocrx_word' id='word_1_617' title='bbox 2713 757 2958 834; x_wconf 87' lang='lat' dir='ltr'><strong>potenter</strong></span> <span class='ocrx_word' id='word_1_618' title='bbox 2985 769 3123 823; x_wconf 83' lang='lat' dir='ltr'><strong>Deus</strong></span> <span class='ocrx_word' id='word_1_619' title='bbox 3151 781 3342 827; x_wconf 88' lang='lat' dir='ltr'><strong>cuneta</strong></span> 
     </span>
    </p>
   </div>
   <div class='ocr_carea' id='block_1_85' title="bbox 1751 829 3339 910">
    <p class='ocr_par' dir='ltr' id='par_1_85' title="bbox 1751 829 3339 910">
     <span class='ocr_line' id='line_1_86' title="bbox 1751 829 3339 910; baseline 0.01 -28"><span class='ocrx_word' id='word_1_620' title='bbox 1751 830 1952 910; x_wconf 75' lang='lat' dir='ltr'><strong>ereavit</strong></span> <span class='ocrx_word' id='word_1_621' title='bbox 1994 829 2063 885; x_wconf 91' lang='lat' dir='ltr'><strong>de</strong></span> <span class='ocrx_word' id='word_1_622' title='bbox 2106 831 2292 910; x_wconf 68' lang='lat' dir='ltr'><strong>nihilo,</strong></span> <span class='ocrx_word' id='word_1_623' title='bbox 2341 848 2501 902; x_wconf 88' lang='lat' dir='ltr'><strong>quam</strong></span> <span class='ocrx_word' id='word_1_624' title='bbox 2543 829 2812 910; x_wconf 70' lang='lat' dir='ltr'><strong>sapienter</strong></span> <span class='ocrx_word' id='word_1_625' title='bbox 2849 839 3132 907; x_wconf 89' lang='lat' dir='ltr'><strong>gubernat,</strong></span> <span class='ocrx_word' id='word_1_626' title='bbox 3180 857 3339 910; x_wconf 85' lang='lat' dir='ltr'><strong>quant</strong></span> 
     </span>
    </p>
   </div>
   <div class='ocr_carea' id='block_1_86' title="bbox 1751 899 3340 971">
    <p class='ocr_par' dir='ltr' id='par_1_86' title="bbox 1751 899 3340 971">
     <span class='ocr_line' id='line_1_87' title="bbox 1751 899 3340 971; baseline 0.008 -17"><span class='ocrx_word' id='word_1_627' title='bbox 1751 899 1977 970; x_wconf 88' lang='lat' dir='ltr'><strong>benigne</strong></span> <span class='ocrx_word' id='word_1_628' title='bbox 2003 911 2191 958; x_wconf 92' lang='lat' dir='ltr'><strong>cuncta</strong></span> <span class='ocrx_word' id='word_1_629' title='bbox 2225 899 2517 971; x_wconf 83' lang='lat' dir='ltr'><strong>dispensat.</strong></span> <span class='ocrx_word' id='word_1_630' title='bbox 2550 899 2743 960; x_wconf 84' lang='lat' dir='ltr'><strong>Totum</strong></span> <span class='ocrx_word' id='word_1_631' title='bbox 2784 899 2942 962; x_wconf 63' lang='lat' dir='ltr'><strong>istem</strong></span> <span class='ocrx_word' id='word_1_632' title='bbox 2973 899 3228 964; x_wconf 78' lang='lat' dir='ltr'><strong>mundum</strong></span> <span class='ocrx_word' id='word_1_633' title='bbox 3263 915 3340 968; x_wconf 89' lang='lat' dir='ltr'><strong>sic</strong></span> 
     </span>
    </p>
   </div>
   <div class='ocr_carea' id='block_1_87' title="bbox 1749 971 3331 1101">
    <p class='ocr_par' dir='ltr' id='par_1_87' title="bbox 1749 971 3331 1101">
     <span class='ocr_line' id='line_1_88' title="bbox 1749 971 3331 1101; baseline 0.008 -76"><span class='ocrx_word' id='word_1_634' title='bbox 1749 982 1994 1026; x_wconf 91' lang='lat' dir='ltr'><strong>ornatum</strong></span> <span class='ocrx_word' id='word_1_635' title='bbox 2027 971 2148 1027; x_wconf 83' lang='lat' dir='ltr'><strong>fecit</strong></span> <span class='ocrx_word' id='word_1_636' title='bbox 2177 983 2396 1044; x_wconf 82' lang='lat' dir='ltr'><strong>propter</strong></span> <span class='ocrx_word' id='word_1_637' title='bbox 2425 990 2671 1101; x_wconf 63' lang='lat' dir='ltr'><strong>corEora,</strong></span> <span class='ocrx_word' id='word_1_638' title='bbox 2718 993 2944 1044; x_wconf 89' lang='lat' dir='ltr'><strong>corpora</strong></span> <span class='ocrx_word' id='word_1_639' title='bbox 2975 990 3189 1052; x_wconf 87' lang='lat' dir='ltr'><strong>propter</strong></span> <span class='ocrx_word' id='word_1_640' title='bbox 3213 985 3331 1037; x_wconf 87' lang='lat' dir='ltr'><strong>ani-</strong></span> 
     </span>
     <span class='ocr_line' id='line_1_89' title="bbox 1749 1045 3331 1101; baseline 0.004 -6"><span class='ocrx_word' id='word_1_641' title='bbox 1749 1057 1884 1101; x_wconf 90' lang='lat' dir='ltr'><strong>mas.</strong></span> <span class='ocrx_word' id='word_1_642' title='bbox 1914 1045 2119 1098; x_wconf 90' lang='lat' dir='ltr'><strong>animas</strong></span> <span class='ocrx_word' id='word_1_643' title='bbox 2154 1055 2372 1101; x_wconf 74' lang='lat' dir='ltr'><strong>propter</strong></span> <span class='ocrx_word' id='word_1_644' title='bbox 2400 1060 2476 1099; x_wconf 90' lang='lat' dir='ltr'><strong>se.</strong></span> <span class='ocrx_word' id='word_1_645' title='bbox 2559 1057 2577 1101; x_wconf 91' lang='lat' dir='ltr'><strong>t</strong></span> <span class='ocrx_word' id='word_1_646' title='bbox 2606 1047 2724 1101; x_wconf 88' lang='lat' dir='ltr'><strong>ideo</strong></span> <span class='ocrx_word' id='word_1_647' title='bbox 2753 1049 3035 1101; x_wconf 67' lang='lat' dir='ltr'><strong>diligenter</strong></span> <span class='ocrx_word' id='word_1_648' title='bbox 3067 1054 3331 1101; x_wconf 73' lang='lat' dir='ltr'><strong>custodire</strong></span> 
     </span>
    </p>
   </div>
   <div class='ocr_carea' id='block_1_88' title="bbox 1747 1045 3340 1120">
    <p class='ocr_par' dir='ltr' id='par_1_88' title="bbox 1747 1045 3340 1120">
     <span class='ocr_line' id='line_1_90' title="bbox 1747 1045 3340 1120; baseline 0.011 -26"><span class='ocrx_word' id='word_1_649' title='bbox 1747 1057 1884 1120; x_wconf 77' lang='lat' dir='ltr'><strong>mas,</strong></span> <span class='ocrx_word' id='word_1_650' title='bbox 1914 1045 2136 1120; x_wconf 76' lang='lat' dir='ltr'><strong>animas</strong></span> <span class='ocrx_word' id='word_1_651' title='bbox 2154 1055 2372 1116; x_wconf 88' lang='lat' dir='ltr'><strong>propter</strong></span> <span class='ocrx_word' id='word_1_652' title='bbox 2400 1060 2476 1099; x_wconf 90' lang='lat' dir='ltr'><strong>se.</strong></span> <span class='ocrx_word' id='word_1_653' title='bbox 2511 1045 2577 1102; x_wconf 87' lang='lat' dir='ltr'><strong>Et</strong></span> <span class='ocrx_word' id='word_1_654' title='bbox 2606 1047 2724 1103; x_wconf 90' lang='lat' dir='ltr'><strong>ideo</strong></span> <span class='ocrx_word' id='word_1_655' title='bbox 2753 1045 3035 1120; x_wconf 78' lang='lat' dir='ltr'><strong>diligenter</strong></span> <span class='ocrx_word' id='word_1_656' title='bbox 3067 1045 3340 1111; x_wconf 74' lang='lat' dir='ltr'><strong>custodire</strong></span> 
     </span>
    </p>
   </div>
   <div class='ocr_carea' id='block_1_89' title="bbox 1747 1112 3335 1188">
    <p class='ocr_par' dir='ltr' id='par_1_89' title="bbox 1747 1112 3335 1188">
     <span class='ocr_line' id='line_1_91' title="bbox 1747 1112 3335 1188; baseline 0.008 -20"><span class='ocrx_word' id='word_1_657' title='bbox 1747 1112 2034 1188; x_wconf 90' lang='lat' dir='ltr'><strong>debemus_</strong></span> <span class='ocrx_word' id='word_1_658' title='bbox 2053 1112 2272 1188; x_wconf 50' lang='lat' dir='ltr'><strong>animas:</strong></span> <span class='ocrx_word' id='word_1_659' title='bbox 2303 1125 2512 1171; x_wconf 89' lang='lat' dir='ltr'><strong>nostras</strong></span> <span class='ocrx_word' id='word_1_660' title='bbox 2530 1159 2546 1182; x_wconf 91' lang='lat'><strong>,</strong></span> <span class='ocrx_word' id='word_1_661' title='bbox 2597 1112 2875 1188; x_wconf 49' lang='lat' dir='ltr'><strong>quatenusv</strong></span> <span class='ocrx_word' id='word_1_662' title='bbox 2903 1136 2995 1176; x_wconf 89' lang='lat' dir='ltr'><strong>eas</strong></span> <span class='ocrx_word' id='word_1_663' title='bbox 3025 1124 3250 1178; x_wconf 91' lang='lat' dir='ltr'><strong>mundas</strong></span> <span class='ocrx_word' id='word_1_664' title='bbox 3279 1134 3335 1181; x_wconf 86' lang='lat' dir='ltr'><strong>et</strong></span> 
     </span>
    </p>
   </div>
   <div class='ocr_carea' id='block_1_90' title="bbox 1747 1185 3332 1259">
    <p class='ocr_par' dir='ltr' id='par_1_90' title="bbox 1747 1185 3332 1259">
     <span class='ocr_line' id='line_1_92' title="bbox 1747 1185 3332 1259; baseline 0.008 -22"><span class='ocrx_word' id='word_1_665' title='bbox 1747 1193 1959 1259; x_wconf 83' lang='lat' dir='ltr'><strong>sanctas</strong></span> <span class='ocrx_word' id='word_1_666' title='bbox 2004 1185 2115 1239; x_wconf 91' lang='lat' dir='ltr'><strong>Deo</strong></span> <span class='ocrx_word' id='word_1_667' title='bbox 2140 1186 2366 1259; x_wconf 87' lang='lat' dir='ltr'><strong>reddere</strong></span> <span class='ocrx_word' id='word_1_668' title='bbox 2393 1185 2665 1244; x_wconf 84' lang='lat' dir='ltr'><strong>valeamus</strong></span> <span class='ocrx_word' id='word_1_669' title='bbox 2691 1205 2721 1244; x_wconf 88' lang='lat' dir='ltr'><strong>a</strong></span> <span class='ocrx_word' id='word_1_670' title='bbox 2749 1205 2854 1259; x_wconf 90' lang='lat' dir='ltr'><strong>quo</strong></span> <span class='ocrx_word' id='word_1_671' title='bbox 2885 1201 3028 1246; x_wconf 89' lang='lat' dir='ltr'><strong>tanta</strong></span> <span class='ocrx_word' id='word_1_672' title='bbox 3059 1194 3195 1248; x_wconf 90' lang='lat' dir='ltr'><strong>bona</strong></span> <span class='ocrx_word' id='word_1_673' title='bbox 3239 1211 3332 1250; x_wconf 83' lang='lat' dir='ltr'><strong>ac-</strong></span> 
     </span>
    </p>
   </div>
   <div class='ocr_carea' id='block_1_91' title="bbox 1746 1256 3332 1327">
    <p class='ocr_par' dir='ltr' id='par_1_91' title="bbox 1746 1256 3332 1327">
     <span class='ocr_line' id='line_1_93' title="bbox 1746 1256 3332 1327; baseline 0.008 -19"><span class='ocrx_word' id='word_1_674' title='bbox 1746 1256 1984 1327; x_wconf 81' lang='lat' dir='ltr'><strong>cepimus</strong></span> <span class='ocrx_word' id='word_1_675' title='bbox 2027 1271 2125 1326; x_wconf 90' lang='lat' dir='ltr'><strong>pro</strong></span> <span class='ocrx_word' id='word_1_676' title='bbox 2172 1258 2269 1312; x_wconf 92' lang='lat' dir='ltr'><strong>eis.</strong></span> <span class='ocrx_word' id='word_1_677' title='bbox 2299 1259 2489 1313; x_wconf 85' lang='lat' dir='ltr'><strong>Mentis</strong></span> <span class='ocrx_word' id='word_1_678' title='bbox 2522 1256 2816 1315; x_wconf 87' lang='lat' dir='ltr'><strong>sublevatio</strong></span> <span class='ocrx_word' id='word_1_679' title='bbox 2853 1274 2953 1327; x_wconf 91' lang='lat' dir='ltr'><strong>cst,</strong></span> <span class='ocrx_word' id='word_1_680' title='bbox 2997 1279 3117 1319; x_wconf 89' lang='lat' dir='ltr'><strong>cum</strong></span> <span class='ocrx_word' id='word_1_681' title='bbox 3144 1265 3211 1320; x_wconf 90' lang='lat' dir='ltr'><strong>de</strong></span> <span class='ocrx_word' id='word_1_682' title='bbox 3249 1268 3332 1321; x_wconf 92' lang='lat' dir='ltr'><strong>vi-</strong></span> 
     </span>
    </p>
   </div>
   <div class='ocr_carea' id='block_1_92' title="bbox 1745 1325 3331 1406">
    <p class='ocr_par' dir='ltr' id='par_1_92' title="bbox 1745 1325 3331 1406">
     <span class='ocr_line' id='line_1_94' title="bbox 1745 1325 3331 1406; baseline 0.009 -28"><span class='ocrx_word' id='word_1_683' title='bbox 1745 1325 1989 1406; x_wconf 81' lang='lat' dir='ltr'><strong>sibilibus</strong></span> <span class='ocrx_word' id='word_1_684' title='bbox 2030 1325 2378 1406; x_wconf 76' lang='lat' dir='ltr'><strong>sublevamur</strong></span> <span class='ocrx_word' id='word_1_685' title='bbox 2415 1330 2481 1384; x_wconf 88' lang='lat' dir='ltr'><strong>ad</strong></span> <span class='ocrx_word' id='word_1_686' title='bbox 2522 1330 2822 1406; x_wconf 76' lang='lat' dir='ltr'><strong>invisibilia.</strong></span> <span class='ocrx_word' id='word_1_687' title='bbox 2852 1325 3072 1402; x_wconf 86' lang='lat' dir='ltr'><strong>Quando</strong></span> <span class='ocrx_word' id='word_1_688' title='bbox 3102 1351 3331 1406; x_wconf 87' lang='lat' dir='ltr'><strong>namque</strong></span> 
     </span>
    </p>
   </div>
   <div class='ocr_carea' id='block_1_93' title="bbox 1744 1397 3332 1472">
    <p class='ocr_par' dir='ltr' id='par_1_93' title="bbox 1744 1397 3332 1472">
     <span class='ocr_line' id='line_1_95' title="bbox 1744 1397 3332 1472; baseline 0.009 -23"><span class='ocrx_word' id='word_1_689' title='bbox 1744 1397 2166 1472; x_wconf 70' lang='lat' dir='ltr'><strong>consideramus</strong></span> <span class='ocrx_word' id='word_1_690' title='bbox 2195 1399 2478 1454; x_wconf 87' lang='lat' dir='ltr'><strong>humanam</strong></span> <span class='ocrx_word' id='word_1_691' title='bbox 2512 1400 2820 1472; x_wconf 89' lang='lat' dir='ltr'><strong>dignitatem</strong></span> <span class='ocrx_word' id='word_1_692' title='bbox 2841 1397 3222 1467; x_wconf 15' lang='lat' dir='ltr'><strong>,V&#39;admiramur</strong></span> <span class='ocrx_word' id='word_1_693' title='bbox 3246 1397 3332 1462; x_wconf 75' lang='lat' dir='ltr'><strong>di-</strong></span> 
     </span>
    </p>
   </div>
   <div class='ocr_carea' id='block_1_94' title="bbox 1742 1468 3333 1548">
    <p class='ocr_par' dir='ltr' id='par_1_94' title="bbox 1742 1468 3333 1548">
     <span class='ocr_line' id='line_1_96' title="bbox 1742 1468 3333 1548; baseline 0.008 -28"><span class='ocrx_word' id='word_1_694' title='bbox 1742 1468 2048 1548; x_wconf 80' lang='lat' dir='ltr'><strong>gnationem</strong></span> <span class='ocrx_word' id='word_1_695' title='bbox 2077 1469 2204 1548; x_wconf 88' lang='lat' dir='ltr'><strong>Dei,</strong></span> <span class='ocrx_word' id='word_1_696' title='bbox 2233 1471 2321 1540; x_wconf 91' lang='lat' dir='ltr'><strong>qui</strong></span> <span class='ocrx_word' id='word_1_697' title='bbox 2353 1480 2459 1526; x_wconf 90' lang='lat' dir='ltr'><strong>tam</strong></span> <span class='ocrx_word' id='word_1_698' title='bbox 2490 1468 2800 1548; x_wconf 63' lang='lat' dir='ltr'><strong>mifahiliter</strong></span> <span class='ocrx_word' id='word_1_699' title='bbox 2827 1477 3139 1531; x_wconf 90' lang='lat' dir='ltr'><strong>rationalem</strong></span> <span class='ocrx_word' id='word_1_700' title='bbox 3171 1479 3333 1548; x_wconf 87' lang='lat' dir='ltr'><strong>spiri-</strong></span> 
     </span>
    </p>
   </div>
   <div class='ocr_carea' id='block_1_95' title="bbox 1743 1539 3329 1610">
    <p class='ocr_par' dir='ltr' id='par_1_95' title="bbox 1743 1539 3329 1610">
     <span class='ocr_line' id='line_1_97' title="bbox 1743 1539 3329 1610; baseline 0.009 -19"><span class='ocrx_word' id='word_1_701' title='bbox 1743 1547 1854 1610; x_wconf 77' lang='lat' dir='ltr'><strong>tum</strong></span> <span class='ocrx_word' id='word_1_702' title='bbox 1892 1539 1982 1610; x_wconf 85' lang='lat' dir='ltr'><strong>ad</strong></span> <span class='ocrx_word' id='word_1_703' title='bbox 2025 1541 2309 1610; x_wconf 81' lang='lat' dir='ltr'><strong>imaginem</strong></span> <span class='ocrx_word' id='word_1_704' title='bbox 2369 1552 2421 1597; x_wconf 91' lang='lat' dir='ltr'><strong>et</strong></span> <span class='ocrx_word' id='word_1_705' title='bbox 2467 1543 2866 1599; x_wconf 90' lang='lat' dir='ltr'><strong>similitudinem</strong></span> <span class='ocrx_word' id='word_1_706' title='bbox 2914 1563 3061 1602; x_wconf 90' lang='lat' dir='ltr'><strong>suam</strong></span> <span class='ocrx_word' id='word_1_707' title='bbox 3109 1539 3329 1605; x_wconf 68' lang='lat' dir='ltr'><strong>creavit.</strong></span> 
     </span>
    </p>
   </div>
   <div class='ocr_carea' id='block_1_96' title="bbox 1741 1608 3328 1691">
    <p class='ocr_par' dir='ltr' id='par_1_96' title="bbox 1741 1608 3328 1691">
     <span class='ocr_line' id='line_1_98' title="bbox 1741 1608 3328 1691; baseline 0.009 -29"><span class='ocrx_word' id='word_1_708' title='bbox 1741 1608 1934 1691; x_wconf 51' lang='lat' dir='ltr'><strong>lileniis</strong></span> <span class='ocrx_word' id='word_1_709' title='bbox 1958 1608 2208 1691; x_wconf 83' lang='lat' dir='ltr'><strong>alienatio</strong></span> <span class='ocrx_word' id='word_1_710' title='bbox 2235 1622 2317 1667; x_wconf 88' lang='lat' dir='ltr'><strong>est</strong></span> <span class='ocrx_word' id='word_1_711' title='bbox 2339 1655 2354 1679; x_wconf 96' lang='lat'><strong>,</strong></span> <span class='ocrx_word' id='word_1_712' title='bbox 2386 1615 2599 1691; x_wconf 82' lang='lat' dir='ltr'><strong>quando</strong></span> <span class='ocrx_word' id='word_1_713' title='bbox 2627 1631 2789 1691; x_wconf 88' lang='lat' dir='ltr'><strong>mens_</strong></span> <span class='ocrx_word' id='word_1_714' title='bbox 2807 1633 2967 1691; x_wconf 85' lang='lat' dir='ltr'><strong>super</strong></span> <span class='ocrx_word' id='word_1_715' title='bbox 3005 1634 3064 1674; x_wconf 90' lang='lat' dir='ltr'><strong>se</strong></span> <span class='ocrx_word' id='word_1_716' title='bbox 3105 1621 3328 1691; x_wconf 89' lang='lat' dir='ltr'><strong>rapitur.</strong></span> 
     </span>
    </p>
   </div>
   <div class='ocr_carea' id='block_1_97' title="bbox 1741 1680 3328 1759">
    <p class='ocr_par' dir='ltr' id='par_1_97' title="bbox 1741 1680 3328 1759">
     <span class='ocr_line' id='line_1_99' title="bbox 1741 1680 3328 1759; baseline 0.009 -26"><span class='ocrx_word' id='word_1_717' title='bbox 1741 1680 1828 1759; x_wconf 88' lang='lat' dir='ltr'><strong>De_</strong></span> <span class='ocrx_word' id='word_1_718' title='bbox 1863 1682 1963 1759; x_wconf 74' lang='lat' dir='ltr'><strong>hoe</strong></span> <span class='ocrx_word' id='word_1_719' title='bbox 1989 1683 2202 1759; x_wconf 81' lang='lat' dir='ltr'><strong>__menti_s</strong></span> <span class='ocrx_word' id='word_1_720' title='bbox 2235 1680 2510 1759; x_wconf 61' lang='lat' dir='ltr'><strong>excessul</strong></span> <span class='ocrx_word' id='word_1_721' title='bbox 2557 1685 2716 1742; x_wconf 93' lang='lat' dir='ltr'><strong>homo</strong></span> <span class='ocrx_word' id='word_1_722' title='bbox 2759 1680 2941 1743; x_wconf 84' lang='lat' dir='ltr'><strong>doceri</strong></span> <span class='ocrx_word' id='word_1_723' title='bbox 2987 1705 3089 1743; x_wconf 90' lang='lat' dir='ltr'><strong>non</strong></span> <span class='ocrx_word' id='word_1_724' title='bbox 3123 1680 3328 1759; x_wconf 75' lang='lat' dir='ltr'><strong>potest;</strong></span> 
     </span>
    </p>
   </div>
   <div class='ocr_carea' id='block_1_98' title="bbox 1740 1751 3331 1821">
    <p class='ocr_par' dir='ltr' id='par_1_98' title="bbox 1740 1751 3331 1821">
     <span class='ocr_line' id='line_1_100' title="bbox 1740 1751 3331 1821; baseline 0.009 -17"><span class='ocrx_word' id='word_1_725' title='bbox 1740 1753 1862 1821; x_wconf 86' lang='lat' dir='ltr'><strong>quia</strong></span> <span class='ocrx_word' id='word_1_726' title='bbox 1891 1751 2022 1805; x_wconf 91' lang='lat' dir='ltr'><strong>nihil</strong></span> <span class='ocrx_word' id='word_1_727' title='bbox 2063 1753 2132 1807; x_wconf 93' lang='lat' dir='ltr'><strong>ibi</strong></span> <span class='ocrx_word' id='word_1_728' title='bbox 2162 1754 2324 1808; x_wconf 87' lang='lat' dir='ltr'><strong>habet</strong></span> <span class='ocrx_word' id='word_1_729' title='bbox 2351 1757 2452 1810; x_wconf 93' lang='lat' dir='ltr'><strong>sui.</strong></span> <span class='ocrx_word' id='word_1_730' title='bbox 2484 1757 2557 1810; x_wconf 92' lang='lat' dir='ltr'><strong>De</strong></span> <span class='ocrx_word' id='word_1_731' title='bbox 2587 1759 2780 1813; x_wconf 89' lang='lat' dir='ltr'><strong>mentis</strong></span> <span class='ocrx_word' id='word_1_732' title='bbox 2811 1769 2987 1814; x_wconf 89' lang='lat' dir='ltr'><strong>autem</strong></span> <span class='ocrx_word' id='word_1_733' title='bbox 3018 1751 3331 1819; x_wconf 75' lang='lat' dir='ltr'><strong>dilatatione</strong></span> 
     </span>
    </p>
   </div>
   <div class='ocr_carea' id='block_1_99' title="bbox 1738 1823 3330 1901">
    <p class='ocr_par' dir='ltr' id='par_1_99' title="bbox 1738 1823 3330 1901">
     <span class='ocr_line' id='line_1_101' title="bbox 1738 1823 3330 1901; baseline 0.008 -25"><span class='ocrx_word' id='word_1_734' title='bbox 1738 1823 2186 1901; x_wconf 37' lang='lat' dir='ltr'><strong>et-sublcvatione</strong></span> <span class='ocrx_word' id='word_1_735' title='bbox 2230 1826 2418 1880; x_wconf 86' lang='lat' dir='ltr'><strong>instrui</strong></span> <span class='ocrx_word' id='word_1_736' title='bbox 2446 1837 2670 1901; x_wconf 64' lang='lat' dir='ltr'><strong>potest;</strong></span> <span class='ocrx_word' id='word_1_737' title='bbox 2691 1829 2811 1898; x_wconf 89' lang='lat' dir='ltr'><strong>quia</strong></span> <span class='ocrx_word' id='word_1_738' title='bbox 2843 1830 2912 1884; x_wconf 88' lang='lat' dir='ltr'><strong>ibi</strong></span> <span class='ocrx_word' id='word_1_739' title='bbox 2944 1832 3139 1901; x_wconf 87' lang='lat' dir='ltr'><strong>aliquid</strong></span> <span class='ocrx_word' id='word_1_740' title='bbox 3173 1834 3330 1888; x_wconf 84' lang='lat' dir='ltr'><strong>habet</strong></span> 
     </span>
    </p>
   </div>
   <div class='ocr_carea' id='block_1_100' title="bbox 1739 1893 3326 1972">
    <p class='ocr_par' dir='ltr' id='par_1_100' title="bbox 1739 1893 3326 1972">
     <span class='ocr_line' id='line_1_102' title="bbox 1739 1893 3326 1972; baseline 0.007 -25"><span class='ocrx_word' id='word_1_741' title='bbox 1739 1893 1842 1972; x_wconf 76' lang='lat' dir='ltr'><strong>sui.</strong></span> <span class='ocrx_word' id='word_1_742' title='bbox 1883 1893 2164 1972; x_wconf 80' lang='lat' dir='ltr'><strong>lns_trui_t_ur</strong></span> <span class='ocrx_word' id='word_1_743' title='bbox 2207 1906 2401 1972; x_wconf 87' lang='lat' dir='ltr'><strong>autem_</strong></span> <span class='ocrx_word' id='word_1_744' title='bbox 2429 1893 2723 1972; x_wconf 54' lang='lat' dir='ltr'><strong>a&#39;iiquando&#39;</strong></span> <span class='ocrx_word' id='word_1_745' title='bbox 2750 1901 2980 1954; x_wconf 88' lang='lat' dir='ltr'><strong>humana</strong></span> <span class='ocrx_word' id='word_1_746' title='bbox 3029 1893 3285 1957; x_wconf 81' lang='lat' dir='ltr'><strong>industria</strong></span> <span class='ocrx_word' id='word_1_747' title='bbox 3311 1946 3326 1972; x_wconf 93' lang='lat'><strong>,</strong></span> 
     </span>
    </p>
   </div>
   <div class='ocr_carea' id='block_1_101' title="bbox 1739 1964 3330 2040">
    <p class='ocr_par' dir='ltr' id='par_1_101' title="bbox 1739 1964 3330 2040">
     <span class='ocr_line' id='line_1_103' title="bbox 1739 1964 3330 2040; baseline 0.008 -24"><span class='ocrx_word' id='word_1_748' title='bbox 1739 1964 2021 2032; x_wconf 88' lang='lat' dir='ltr'><strong>aliquando</strong></span> <span class='ocrx_word' id='word_1_749' title='bbox 2051 1965 2230 2040; x_wconf 78' lang='lat' dir='ltr'><strong>divina</strong></span> <span class='ocrx_word' id='word_1_750' title='bbox 2263 1964 2585 2040; x_wconf 80' lang='lat' dir='ltr'><strong>revelatioue</strong></span> <span class='ocrx_word' id='word_1_751' title='bbox 2633 1986 2726 2023; x_wconf 89' lang='lat' dir='ltr'><strong>seu</strong></span> <span class='ocrx_word' id='word_1_752' title='bbox 2769 1972 3134 2040; x_wconf 89' lang='lat' dir='ltr'><strong>inspiratione.</strong></span> <span class='ocrx_word' id='word_1_753' title='bbox 3180 1964 3330 2028; x_wconf 53' lang='lat' dir='ltr'><strong>Non;</strong></span> 
     </span>
    </p>
   </div>
   <div class='ocr_carea' id='block_1_102' title="bbox 1739 2038 3330 2108">
    <p class='ocr_par' dir='ltr' id='par_1_102' title="bbox 1739 2038 3330 2108">
     <span class='ocr_line' id='line_1_104' title="bbox 1739 2038 3330 2108; baseline 0.007 -20"><span class='ocrx_word' id='word_1_754' title='bbox 1739 2051 2009 2108; x_wconf 88' lang='lat' dir='ltr'><strong>nunquam</strong></span> <span class='ocrx_word' id='word_1_755' title='bbox 2045 2052 2172 2090; x_wconf 89' lang='lat' dir='ltr'><strong>vero</strong></span> <span class='ocrx_word' id='word_1_756' title='bbox 2203 2038 2255 2091; x_wconf 93' lang='lat' dir='ltr'><strong>in</strong></span> <span class='ocrx_word' id='word_1_757' title='bbox 2283 2039 2498 2107; x_wconf 89' lang='lat' dir='ltr'><strong>speculo</strong></span> <span class='ocrx_word' id='word_1_758' title='bbox 2525 2040 2702 2096; x_wconf 88' lang='lat' dir='ltr'><strong>cordis</strong></span> <span class='ocrx_word' id='word_1_759' title='bbox 2729 2042 2808 2094; x_wconf 89' lang='lat' dir='ltr'><strong>sui</strong></span> <span class='ocrx_word' id='word_1_760' title='bbox 2827 2038 2922 2105; x_wconf 74' lang='lat' dir='ltr'><strong>,id</strong></span> <span class='ocrx_word' id='word_1_761' title='bbox 2951 2051 3052 2108; x_wconf 89' lang='lat' dir='ltr'><strong>est,</strong></span> <span class='ocrx_word' id='word_1_762' title='bbox 3086 2045 3137 2096; x_wconf 93' lang='lat' dir='ltr'><strong>in</strong></span> <span class='ocrx_word' id='word_1_763' title='bbox 3165 2043 3330 2099; x_wconf 81' lang='lat' dir='ltr'><strong>ratio&#39;-</strong></span> 
     </span>
    </p>
   </div>
   <div class='ocr_carea' id='block_1_103' title="bbox 1739 2107 3333 2184">
    <p class='ocr_par' dir='ltr' id='par_1_103' title="bbox 1739 2107 3333 2184">
     <span class='ocr_line' id='line_1_105' title="bbox 1739 2107 3333 2184; baseline 0.008 -26"><span class='ocrx_word' id='word_1_764' title='bbox 1739 2107 2062 2184; x_wconf 87' lang='lat' dir='ltr'><strong>nali__mente</strong></span> <span class='ocrx_word' id='word_1_765' title='bbox 2111 2122 2167 2161; x_wconf 91' lang='lat' dir='ltr'><strong>se</strong></span> <span class='ocrx_word' id='word_1_766' title='bbox 2197 2109 2368 2184; x_wconf 79' lang='lat' dir='ltr'><strong>ipsum</strong></span> <span class='ocrx_word' id='word_1_767' title='bbox 2409 2119 2462 2184; x_wconf 83' lang='lat' dir='ltr'><strong>et</strong></span> <span class='ocrx_word' id='word_1_768' title='bbox 2494 2111 2943 2184; x_wconf 69' lang='lat' dir='ltr'><strong>_,Deum_inspicit.</strong></span> <span class='ocrx_word' id='word_1_769' title='bbox 2977 2107 3052 2166; x_wconf 89' lang='lat' dir='ltr'><strong>Ita</strong></span> <span class='ocrx_word' id='word_1_770' title='bbox 3100 2130 3333 2184; x_wconf 86' lang='lat' dir='ltr'><strong>namque</strong></span> 
     </span>
    </p>
   </div>
   <div class='ocr_carea' id='block_1_104' title="bbox 1738 2176 3360 2256">
    <p class='ocr_par' dir='ltr' id='par_1_104' title="bbox 1738 2176 3360 2256">
     <span class='ocr_line' id='line_1_106' title="bbox 1738 2176 3360 2256; baseline 0.007 -26"><span class='ocrx_word' id='word_1_771' title='bbox 1738 2176 2264 2256; x_wconf 56' lang='lat' dir='ltr'><strong>conditnnresucor</strong></span> <span class='ocrx_word' id='word_1_772' title='bbox 2306 2176 2556 2246; x_wconf 86' lang='lat' dir='ltr'><strong>hominis,</strong></span> <span class='ocrx_word' id='word_1_773' title='bbox 2591 2192 2645 2236; x_wconf 89' lang='lat' dir='ltr'><strong>ut</strong></span> <span class='ocrx_word' id='word_1_774' title='bbox 2682 2181 2734 2235; x_wconf 91' lang='lat' dir='ltr'><strong>in</strong></span> <span class='ocrx_word' id='word_1_775' title='bbox 2762 2176 2826 2256; x_wconf 82' lang='lat' dir='ltr'><strong>eo</strong></span> <span class='ocrx_word' id='word_1_776' title='bbox 2856 2185 3004 2256; x_wconf 62' lang='lat' dir='ltr'><strong>quasi</strong></span> <span class='ocrx_word' id='word_1_777' title='bbox 3034 2184 3084 2238; x_wconf 92' lang='lat' dir='ltr'><strong>in</strong></span> <span class='ocrx_word' id='word_1_778' title='bbox 3131 2176 3360 2256; x_wconf 74' lang='lat' dir='ltr'><strong>templ0‘</strong></span> 
     </span>
    </p>
   </div>
   <div class='ocr_carea' id='block_1_105' title="bbox 1739 2247 3332 2325">
    <p class='ocr_par' dir='ltr' id='par_1_105' title="bbox 1739 2247 3332 2325">
     <span class='ocr_line' id='line_1_107' title="bbox 1739 2247 3332 2325; baseline 0.007 -24"><span class='ocrx_word' id='word_1_779' title='bbox 1739 2247 1996 2325; x_wconf 79' lang='lat' dir='ltr'><strong>Dominus</strong></span> <span class='ocrx_word' id='word_1_780' title='bbox 2026 2248 2457 2325; x_wconf 78' lang='lat' dir='ltr'><strong>inhabitaret_,_et</strong></span> <span class='ocrx_word' id='word_1_781' title='bbox 2488 2261 2735 2325; x_wconf 85' lang='lat' dir='ltr'><strong>tanquam</strong></span> <span class='ocrx_word' id='word_1_782' title='bbox 2768 2255 2818 2306; x_wconf 92' lang='lat' dir='ltr'><strong>in</strong></span> <span class='ocrx_word' id='word_1_783' title='bbox 2847 2247 3075 2324; x_wconf 80' lang='lat' dir='ltr'><strong>quodam</strong></span> <span class='ocrx_word' id='word_1_784' title='bbox 3112 2247 3332 2325; x_wconf 75' lang='lat' dir='ltr'><strong>Speculo</strong></span> 
     </span>
    </p>
   </div>
   <div class='ocr_carea' id='block_1_106' title="bbox 1739 2320 3332 2394">
    <p class='ocr_par' dir='ltr' id='par_1_106' title="bbox 1739 2320 3332 2394">
     <span class='ocr_line' id='line_1_108' title="bbox 1739 2320 3332 2394; baseline 0.008 -22"><span class='ocrx_word' id='word_1_785' title='bbox 1739 2333 1837 2394; x_wconf 82' lang='lat' dir='ltr'><strong>suo</strong></span> <span class='ocrx_word' id='word_1_786' title='bbox 1864 2320 2130 2394; x_wconf 78' lang='lat' dir='ltr'><strong>reluceret</strong></span> <span class='ocrx_word' id='word_1_787' title='bbox 2148 2330 2250 2394; x_wconf 76' lang='lat' dir='ltr'><strong>;_ut</strong></span> <span class='ocrx_word' id='word_1_788' title='bbox 2274 2323 2362 2391; x_wconf 92' lang='lat' dir='ltr'><strong>qui</strong></span> <span class='ocrx_word' id='word_1_789' title='bbox 2388 2323 2439 2376; x_wconf 88' lang='lat' dir='ltr'><strong>in</strong></span> <span class='ocrx_word' id='word_1_790' title='bbox 2469 2337 2526 2376; x_wconf 87' lang='lat' dir='ltr'><strong>se</strong></span> <span class='ocrx_word' id='word_1_791' title='bbox 2552 2320 2714 2394; x_wconf 84' lang='lat' dir='ltr'><strong>videri</strong></span> <span class='ocrx_word' id='word_1_792' title='bbox 2747 2320 3088 2394; x_wconf 46' lang='lat' dir='ltr'><strong>non—poterat</strong></span> <span class='ocrx_word' id='word_1_793' title='bbox 3106 2367 3122 2393; x_wconf 91' lang='lat'><strong>,</strong></span> <span class='ocrx_word' id='word_1_794' title='bbox 3145 2320 3208 2380; x_wconf 52' lang='lat' dir='ltr'><strong>&#39;in</strong></span> <span class='ocrx_word' id='word_1_795' title='bbox 3234 2343 3332 2384; x_wconf 85' lang='lat' dir='ltr'><strong>sua</strong></span> 
     </span>
    </p>
   </div>
   <div class='ocr_carea' id='block_1_107' title="bbox 1737 2389 3330 2468">
    <p class='ocr_par' dir='ltr' id='par_1_107' title="bbox 1737 2389 3330 2468">
     <span class='ocr_line' id='line_1_109' title="bbox 1737 2389 3330 2468; baseline 0.008 -26"><span class='ocrx_word' id='word_1_796' title='bbox 1737 2389 1967 2468; x_wconf 77' lang='lat' dir='ltr'><strong>imagine</strong></span> <span class='ocrx_word' id='word_1_797' title='bbox 2005 2391 2229 2445; x_wconf 86' lang='lat' dir='ltr'><strong>visibilis</strong></span> <span class='ocrx_word' id='word_1_798' title='bbox 2266 2389 2566 2468; x_wconf 82' lang='lat' dir='ltr'><strong>appareret.</strong></span> <span class='ocrx_word' id='word_1_799' title='bbox 2602 2393 2787 2468; x_wconf 83' lang='lat' dir='ltr'><strong>Magna</strong></span> <span class='ocrx_word' id='word_1_800' title='bbox 2835 2389 3054 2465; x_wconf 72' lang='lat' dir='ltr'><strong>prorsus</strong></span> <span class='ocrx_word' id='word_1_801' title='bbox 3101 2389 3330 2468; x_wconf 82' lang='lat' dir='ltr'><strong>dignitas</strong></span> 
     </span>
    </p>
   </div>
   <div class='ocr_carea' id='block_1_108' title="bbox 1737 2460 3331 2539">
    <p class='ocr_par' dir='ltr' id='par_1_108' title="bbox 1737 2460 3331 2539">
     <span class='ocr_line' id='line_1_110' title="bbox 1737 2460 3331 2539; baseline 0.007 -25"><span class='ocrx_word' id='word_1_802' title='bbox 1737 2460 2106 2539; x_wconf 79' lang='lat' dir='ltr'><strong>hominisest,</strong></span> <span class='ocrx_word' id='word_1_803' title='bbox 2143 2460 2354 2539; x_wconf 78' lang='lat' dir='ltr'><strong>portare</strong></span> <span class='ocrx_word' id='word_1_804' title='bbox 2381 2464 2663 2534; x_wconf 83' lang='lat' dir='ltr'><strong>imaginem</strong></span> <span class='ocrx_word' id='word_1_805' title='bbox 2690 2460 2803 2526; x_wconf 85' lang='lat' dir='ltr'><strong>Dei,</strong></span> <span class='ocrx_word' id='word_1_806' title='bbox 2832 2460 2886 2520; x_wconf 90' lang='lat' dir='ltr'><strong>et</strong></span> <span class='ocrx_word' id='word_1_807' title='bbox 2912 2468 3050 2521; x_wconf 87' lang='lat' dir='ltr'><strong>illius</strong></span> <span class='ocrx_word' id='word_1_808' title='bbox 3080 2469 3132 2521; x_wconf 91' lang='lat' dir='ltr'><strong>in</strong></span> <span class='ocrx_word' id='word_1_809' title='bbox 3157 2460 3220 2522; x_wconf 70' lang='lat' dir='ltr'><strong>se</strong></span> <span class='ocrx_word' id='word_1_810' title='bbox 3245 2471 3331 2539; x_wconf 58' lang='lat' dir='ltr'><strong>juc</strong></span> 
     </span>
    </p>
   </div>
   <div class='ocr_carea' id='block_1_109' title="bbox 1735 2532 3331 2607">
    <p class='ocr_par' dir='ltr' id='par_1_109' title="bbox 1735 2532 3331 2607">
     <span class='ocr_line' id='line_1_111' title="bbox 1735 2532 3331 2607; baseline 0.006 -23"><span class='ocrx_word' id='word_1_811' title='bbox 1735 2532 1870 2607; x_wconf 77' lang='lat' dir='ltr'><strong>giter</strong></span> <span class='ocrx_word' id='word_1_812' title='bbox 1894 2533 2095 2586; x_wconf 89' lang='lat' dir='ltr'><strong>vultum</strong></span> <span class='ocrx_word' id='word_1_813' title='bbox 2121 2533 2385 2607; x_wconf 78' lang='lat' dir='ltr'><strong>aspicere,</strong></span> <span class='ocrx_word' id='word_1_814' title='bbox 2409 2532 2566 2607; x_wconf 42' lang='lat' dir='ltr'><strong>atq—ue</strong></span> <span class='ocrx_word' id='word_1_815' title='bbox 2593 2551 2719 2607; x_wconf 81' lang='lat' dir='ltr'><strong>eum</strong></span> <span class='ocrx_word' id='word_1_816' title='bbox 2743 2551 2956 2605; x_wconf 89' lang='lat' dir='ltr'><strong>semper</strong></span> <span class='ocrx_word' id='word_1_817' title='bbox 2979 2532 3331 2607; x_wconf 76' lang='lat' dir='ltr'><strong>percontem-</strong></span> 
     </span>
    </p>
   </div>
   <div class='ocr_carea' id='block_1_110' title="bbox 1737 2602 3314 2676">
    <p class='ocr_par' dir='ltr' id='par_1_110' title="bbox 1737 2602 3314 2676">
     <span class='ocr_line' id='line_1_112' title="bbox 1737 2602 3314 2676; baseline 0.006 -21"><span class='ocrx_word' id='word_1_818' title='bbox 1737 2602 2024 2671; x_wconf 88' lang='lat' dir='ltr'><strong>plalionem</strong></span> <span class='ocrx_word' id='word_1_819' title='bbox 2042 2613 2356 2676; x_wconf 61' lang='lat' dir='ltr'><strong>priesentem</strong></span> <span class='ocrx_word' id='word_1_820' title='bbox 2375 2602 2588 2660; x_wconf 90' lang='lat' dir='ltr'><strong>habere.</strong></span> <span class='ocrx_word' id='word_1_821' title='bbox 2614 2605 2718 2668; x_wconf 87' lang='lat' dir='ltr'><strong>Sed</strong></span> <span class='ocrx_word' id='word_1_822' title='bbox 2737 2602 3014 2676; x_wconf 78' lang='lat' dir='ltr'><strong>postquam</strong></span> <span class='ocrx_word' id='word_1_823' title='bbox 3033 2609 3314 2666; x_wconf 89' lang='lat' dir='ltr'><strong>delectatio</strong></span> 
     </span>
    </p>
   </div>
   <div class='ocr_carea' id='block_1_111' title="bbox 1736 2675 3326 2749">
    <p class='ocr_par' dir='ltr' id='par_1_111' title="bbox 1736 2675 3326 2749">
     <span class='ocr_line' id='line_1_113' title="bbox 1736 2675 3326 2749; baseline 0.006 -23"><span class='ocrx_word' id='word_1_824' title='bbox 1736 2683 2118 2749; x_wconf 74' lang='lat' dir='ltr'><strong>nemnostram</strong></span> <span class='ocrx_word' id='word_1_825' title='bbox 2142 2675 2191 2728; x_wconf 91' lang='lat' dir='ltr'><strong>in</strong></span> <span class='ocrx_word' id='word_1_826' title='bbox 2231 2685 2425 2730; x_wconf 87' lang='lat' dir='ltr'><strong>terram</strong></span> <span class='ocrx_word' id='word_1_827' title='bbox 2460 2677 2732 2749; x_wconf 79' lang='lat' dir='ltr'><strong>peccando</strong></span> <span class='ocrx_word' id='word_1_828' title='bbox 2771 2675 3084 2746; x_wconf 81' lang='lat' dir='ltr'><strong>sparsimus,</strong></span> <span class='ocrx_word' id='word_1_829' title='bbox 3125 2692 3326 2749; x_wconf 80' lang='lat' dir='ltr'><strong>peccati</strong></span> 
     </span>
    </p>
   </div>
   <div class='ocr_carea' id='block_1_112' title="bbox 1737 2744 3326 2817">
    <p class='ocr_par' dir='ltr' id='par_1_112' title="bbox 1737 2744 3326 2817">
     <span class='ocr_line' id='line_1_114' title="bbox 1737 2744 3326 2817; baseline 0.006 -21"><span class='ocrx_word' id='word_1_830' title='bbox 1737 2744 1908 2813; x_wconf 90' lang='lat' dir='ltr'><strong>pulvis</strong></span> <span class='ocrx_word' id='word_1_831' title='bbox 1934 2745 2265 2817; x_wconf 84' lang='lat' dir='ltr'><strong>superjectus</strong></span> <span class='ocrx_word' id='word_1_832' title='bbox 2291 2755 2372 2800; x_wconf 91' lang='lat' dir='ltr'><strong>est</strong></span> <span class='ocrx_word' id='word_1_833' title='bbox 2391 2744 2538 2800; x_wconf 78' lang='lat' dir='ltr'><strong>cordi</strong></span> <span class='ocrx_word' id='word_1_834' title='bbox 2566 2756 2749 2802; x_wconf 83' lang='lat' dir='ltr'><strong>uestro</strong></span> <span class='ocrx_word' id='word_1_835' title='bbox 2774 2744 2874 2802; x_wconf 55' lang='lat' dir='ltr'><strong>{et</strong></span> <span class='ocrx_word' id='word_1_836' title='bbox 2900 2749 3020 2804; x_wconf 89' lang='lat' dir='ltr'><strong>ideo</strong></span> <span class='ocrx_word' id='word_1_837' title='bbox 3045 2744 3226 2805; x_wconf 73' lang='lat' dir='ltr'><strong>abillo</strong></span> <span class='ocrx_word' id='word_1_838' title='bbox 3249 2751 3326 2805; x_wconf 88' lang='lat' dir='ltr'><strong>in-</strong></span> 
     </span>
    </p>
   </div>
   <div class='ocr_carea' id='block_1_113' title="bbox 1738 2817 3329 2886">
    <p class='ocr_par' dir='ltr' id='par_1_113' title="bbox 1738 2817 3329 2886">
     <span class='ocr_line' id='line_1_115' title="bbox 1738 2817 3329 2886; baseline 0.006 -18"><span class='ocrx_word' id='word_1_839' title='bbox 1738 2824 1901 2869; x_wconf 65' lang='lat' dir='ltr'><strong>ternae</strong></span> <span class='ocrx_word' id='word_1_840' title='bbox 1947 2817 2414 2884; x_wconf 86' lang='lat' dir='ltr'><strong>contemplationis</strong></span> <span class='ocrx_word' id='word_1_841' title='bbox 2458 2819 2672 2886; x_wconf 91' lang='lat' dir='ltr'><strong>speculo</strong></span> <span class='ocrx_word' id='word_1_842' title='bbox 2720 2819 2737 2849; x_wconf 89' lang='grc'>¹</span> <span class='ocrx_word' id='word_1_843' title='bbox 2785 2829 3095 2875; x_wconf 83' lang='lat' dir='ltr'><strong>corruentcs</strong></span> <span class='ocrx_word' id='word_1_844' title='bbox 3138 2822 3190 2875; x_wconf 91' lang='lat' dir='ltr'><strong>in</strong></span> <span class='ocrx_word' id='word_1_845' title='bbox 3233 2824 3329 2878; x_wconf 88' lang='lat' dir='ltr'><strong>has</strong></span> 
     </span>
    </p>
   </div>
   <div class='ocr_carea' id='block_1_114' title="bbox 1735 2887 3326 2956">
    <p class='ocr_par' dir='ltr' id='par_1_114' title="bbox 1735 2887 3326 2956">
     <span class='ocr_line' id='line_1_116' title="bbox 1735 2887 3326 2956; baseline 0.006 -17"><span class='ocrx_word' id='word_1_846' title='bbox 1735 2887 1960 2940; x_wconf 89' lang='lat' dir='ltr'><strong>miseras</strong></span> <span class='ocrx_word' id='word_1_847' title='bbox 2003 2888 2282 2954; x_wconf 69' lang='lat' dir='ltr'><strong>praesentis</strong></span> <span class='ocrx_word' id='word_1_848' title='bbox 2324 2888 2445 2942; x_wconf 65' lang='lat' dir='ltr'><strong>vita:</strong></span> <span class='ocrx_word' id='word_1_849' title='bbox 2493 2891 2739 2943; x_wconf 89' lang='lat' dir='ltr'><strong>tenebras</strong></span> <span class='ocrx_word' id='word_1_850' title='bbox 2792 2891 3036 2956; x_wconf 86' lang='lat' dir='ltr'><strong>labimur,</strong></span> <span class='ocrx_word' id='word_1_851' title='bbox 3082 2893 3167 2947; x_wconf 88' lang='lat' dir='ltr'><strong>ubi</strong></span> <span class='ocrx_word' id='word_1_852' title='bbox 3220 2894 3326 2950; x_wconf 75' lang='lat' dir='ltr'><strong>Dec</strong></span> 
     </span>
    </p>
   </div>
   <div class='ocr_carea' id='block_1_115' title="bbox 1736 2957 3322 3033">
    <p class='ocr_par' dir='ltr' id='par_1_115' title="bbox 1736 2957 3322 3033">
     <span class='ocr_line' id='line_1_117' title="bbox 1736 2957 3322 3033; baseline 0.006 -23"><span class='ocrx_word' id='word_1_853' title='bbox 1736 2957 1894 3033; x_wconf 80' lang='lat' dir='ltr'><strong>digne</strong></span> <span class='ocrx_word' id='word_1_854' title='bbox 1922 2957 2226 3033; x_wconf 89' lang='lat' dir='ltr'><strong>ministrare</strong></span> <span class='ocrx_word' id='word_1_855' title='bbox 2242 2959 2650 3033; x_wconf 29' lang='lat' dir='ltr'><strong>non‘valemus,</strong></span> <span class='ocrx_word' id='word_1_856' title='bbox 2680 2960 2803 3033; x_wconf 85' lang='lat' dir='ltr'><strong>quia</strong></span> <span class='ocrx_word' id='word_1_857' title='bbox 2826 2962 2981 3033; x_wconf 84' lang='lat' dir='ltr'><strong>sorde</strong></span> <span class='ocrx_word' id='word_1_858' title='bbox 3012 2962 3322 3033; x_wconf 81' lang='lat' dir='ltr'><strong>iniquitatis,</strong></span> 
     </span>
    </p>
   </div>
   <div class='ocr_carea' id='block_1_116' title="bbox 1735 3028 3329 3101">
    <p class='ocr_par' dir='ltr' id='par_1_116' title="bbox 1735 3028 3329 3101">
     <span class='ocr_line' id='line_1_118' title="bbox 1735 3028 3329 3101; baseline 0.005 -21"><span class='ocrx_word' id='word_1_859' title='bbox 1735 3028 1961 3101; x_wconf 78' lang='lat' dir='ltr'><strong>caligine</strong></span> <span class='ocrx_word' id='word_1_860' title='bbox 1992 3029 2303 3098; x_wconf 73' lang='lat' dir='ltr'><strong>ignorantia:</strong></span> <span class='ocrx_word' id='word_1_861' title='bbox 2331 3029 2582 3094; x_wconf 90' lang='lat' dir='ltr'><strong>obvoluti,</strong></span> <span class='ocrx_word' id='word_1_862' title='bbox 2608 3031 2734 3101; x_wconf 89' lang='lat' dir='ltr'><strong>quid</strong></span> <span class='ocrx_word' id='word_1_863' title='bbox 2760 3032 3022 3101; x_wconf 88' lang='lat' dir='ltr'><strong>agendum</strong></span> <span class='ocrx_word' id='word_1_864' title='bbox 3050 3028 3133 3087; x_wconf 84' lang='lat' dir='ltr'><strong>vel</strong></span> <span class='ocrx_word' id='word_1_865' title='bbox 3160 3028 3329 3088; x_wconf 53' lang='lat' dir='ltr'><strong>vitali;</strong></span> 
     </span>
    </p>
   </div>
   <div class='ocr_carea' id='block_1_117' title="bbox 1735 3098 3324 3171">
    <p class='ocr_par' dir='ltr' id='par_1_117' title="bbox 1735 3098 3324 3171">
     <span class='ocr_line' id='line_1_119' title="bbox 1735 3098 3324 3171; baseline 0.005 -19"><span class='ocrx_word' id='word_1_866' title='bbox 1735 3098 1864 3171; x_wconf 74' lang='lat' dir='ltr'><strong>dum</strong></span> <span class='ocrx_word' id='word_1_867' title='bbox 1908 3101 2060 3153; x_wconf 90' lang='lat' dir='ltr'><strong>nobis</strong></span> <span class='ocrx_word' id='word_1_868' title='bbox 2104 3101 2201 3165; x_wconf 90' lang='lat' dir='ltr'><strong>sit,</strong></span> <span class='ocrx_word' id='word_1_869' title='bbox 2249 3117 2314 3154; x_wconf 83' lang='lat' dir='ltr'><strong>ex</strong></span> <span class='ocrx_word' id='word_1_870' title='bbox 2351 3117 2539 3170; x_wconf 86' lang='lat' dir='ltr'><strong>magna</strong></span> <span class='ocrx_word' id='word_1_871' title='bbox 2584 3098 2734 3170; x_wconf 80' lang='lat' dir='ltr'><strong>parte</strong></span> <span class='ocrx_word' id='word_1_872' title='bbox 2771 3098 2879 3171; x_wconf 78' lang='lat' dir='ltr'><strong>jam</strong></span> <span class='ocrx_word' id='word_1_873' title='bbox 2919 3120 3023 3157; x_wconf 90' lang='lat' dir='ltr'><strong>non</strong></span> <span class='ocrx_word' id='word_1_874' title='bbox 3062 3105 3324 3160; x_wconf 86' lang='lat' dir='ltr'><strong>videmus.</strong></span> 
     </span>
    </p>
   </div>
   <div class='ocr_carea' id='block_1_118' title="bbox 1736 3169 3329 3241">
    <p class='ocr_par' dir='ltr' id='par_1_118' title="bbox 1736 3169 3329 3241">
     <span class='ocr_line' id='line_1_120' title="bbox 1736 3169 3329 3241; baseline 0.005 -18"><span class='ocrx_word' id='word_1_875' title='bbox 1736 3169 2028 3241; x_wconf 76' lang='lat' dir='ltr'><strong>Tergamus</strong></span> <span class='ocrx_word' id='word_1_876' title='bbox 2057 3185 2184 3240; x_wconf 89' lang='lat' dir='ltr'><strong>ergo</strong></span> <span class='ocrx_word' id='word_1_877' title='bbox 2211 3169 2486 3241; x_wconf 82' lang='lat' dir='ltr'><strong>speculum</strong></span> <span class='ocrx_word' id='word_1_878' title='bbox 2530 3169 2783 3227; x_wconf 22' lang='lat' dir='ltr'><strong>nostrum‘</strong></span> <span class='ocrx_word' id='word_1_879' title='bbox 2809 3174 2876 3228; x_wconf 89' lang='lat' dir='ltr'><strong>ab</strong></span> <span class='ocrx_word' id='word_1_880' title='bbox 2903 3190 3084 3229; x_wconf 90' lang='lat' dir='ltr'><strong>amore</strong></span> <span class='ocrx_word' id='word_1_881' title='bbox 3121 3178 3329 3231; x_wconf 81' lang='lat' dir='ltr'><strong>vanita-</strong></span> 
     </span>
    </p>
   </div>
   <div class='ocr_carea' id='block_1_119' title="bbox 1735 3239 3329 3314">
    <p class='ocr_par' dir='ltr' id='par_1_119' title="bbox 1735 3239 3329 3314">
     <span class='ocr_line' id='line_1_121' title="bbox 1735 3239 3329 3314; baseline 0.006 -21"><span class='ocrx_word' id='word_1_882' title='bbox 1735 3239 1822 3304; x_wconf 89' lang='lat' dir='ltr'><strong>tis,</strong></span> <span class='ocrx_word' id='word_1_883' title='bbox 1845 3239 1907 3314; x_wconf 82' lang='lat' dir='ltr'><strong>et</strong></span> <span class='ocrx_word' id='word_1_884' title='bbox 1949 3240 2017 3294; x_wconf 90' lang='lat' dir='ltr'><strong>ab</strong></span> <span class='ocrx_word' id='word_1_885' title='bbox 2051 3239 2252 3314; x_wconf 74' lang='lat' dir='ltr'><strong>amore</strong></span> <span class='ocrx_word' id='word_1_886' title='bbox 2271 3243 2580 3311; x_wconf 89' lang='lat' dir='ltr'><strong>iniquitatis,</strong></span> <span class='ocrx_word' id='word_1_887' title='bbox 2631 3243 2682 3297; x_wconf 90' lang='lat' dir='ltr'><strong>id</strong></span> <span class='ocrx_word' id='word_1_888' title='bbox 2724 3252 2833 3311; x_wconf 90' lang='lat' dir='ltr'><strong>est,</strong></span> <span class='ocrx_word' id='word_1_889' title='bbox 2885 3261 2915 3298; x_wconf 88' lang='lat' dir='ltr'><strong>a</strong></span> <span class='ocrx_word' id='word_1_890' title='bbox 2961 3245 3176 3314; x_wconf 88' lang='lat' dir='ltr'><strong>pulvere</strong></span> <span class='ocrx_word' id='word_1_891' title='bbox 3215 3257 3264 3302; x_wconf 92' lang='lat' dir='ltr'><strong>et</strong></span> <span class='ocrx_word' id='word_1_892' title='bbox 3296 3264 3329 3303; x_wconf 84' lang='lat' dir='ltr'><strong>a</strong></span> 
     </span>
    </p>
   </div>
   <div class='ocr_carea' id='block_1_120' title="bbox 1735 3310 3329 3384">
    <p class='ocr_par' dir='ltr' id='par_1_120' title="bbox 1735 3310 3329 3384">
     <span class='ocr_line' id='line_1_122' title="bbox 1735 3310 3329 3384; baseline 0.006 -20"><span class='ocrx_word' id='word_1_893' title='bbox 1735 3310 1932 3366; x_wconf 89' lang='lat' dir='ltr'><strong>sorde:</strong></span> <span class='ocrx_word' id='word_1_894' title='bbox 1966 3321 2022 3365; x_wconf 92' lang='lat' dir='ltr'><strong>ut</strong></span> <span class='ocrx_word' id='word_1_895' title='bbox 2051 3312 2106 3366; x_wconf 91' lang='lat' dir='ltr'><strong>in</strong></span> <span class='ocrx_word' id='word_1_896' title='bbox 2135 3327 2200 3367; x_wconf 92' lang='lat' dir='ltr'><strong>eo</strong></span> <span class='ocrx_word' id='word_1_897' title='bbox 2226 3310 2488 3384; x_wconf 83' lang='lat' dir='ltr'><strong>inspicere</strong></span> <span class='ocrx_word' id='word_1_898' title='bbox 2512 3315 2786 3369; x_wconf 89' lang='lat' dir='ltr'><strong>valeamus</strong></span> <span class='ocrx_word' id='word_1_899' title='bbox 2810 3310 2863 3369; x_wconf 89' lang='lat' dir='ltr'><strong>et</strong></span> <span class='ocrx_word' id='word_1_900' title='bbox 2886 3310 3004 3381; x_wconf 82' lang='lat' dir='ltr'><strong>nos,</strong></span> <span class='ocrx_word' id='word_1_901' title='bbox 3033 3328 3088 3371; x_wconf 92' lang='lat' dir='ltr'><strong>et</strong></span> <span class='ocrx_word' id='word_1_902' title='bbox 3111 3318 3329 3373; x_wconf 84' lang='lat' dir='ltr'><strong>Creato-</strong></span> 
     </span>
    </p>
   </div>
   <div class='ocr_carea' id='block_1_121' title="bbox 1733 3385 3325 3456">
    <p class='ocr_par' dir='ltr' id='par_1_121' title="bbox 1733 3385 3325 3456">
     <span class='ocr_line' id='line_1_123' title="bbox 1733 3385 3325 3456; baseline 0.006 -21"><span class='ocrx_word' id='word_1_903' title='bbox 1733 3397 1849 3436; x_wconf 88' lang='lat' dir='ltr'><strong>rem</strong></span> <span class='ocrx_word' id='word_1_904' title='bbox 1874 3391 2150 3456; x_wconf 16' lang='lat' dir='ltr'><strong>Anostrum,</strong></span> <span class='ocrx_word' id='word_1_905' title='bbox 2180 3400 2337 3456; x_wconf 90' lang='lat' dir='ltr'><strong>quem</strong></span> <span class='ocrx_word' id='word_1_906' title='bbox 2379 3385 2647 3453; x_wconf 87' lang='lat' dir='ltr'><strong>peccando</strong></span> <span class='ocrx_word' id='word_1_907' title='bbox 2688 3395 2808 3454; x_wconf 91' lang='lat' dir='ltr'><strong>post</strong></span> <span class='ocrx_word' id='word_1_908' title='bbox 2838 3395 3041 3456; x_wconf 89' lang='lat' dir='ltr'><strong>tergum</strong></span> <span class='ocrx_word' id='word_1_909' title='bbox 3084 3399 3325 3444; x_wconf 86' lang='lat' dir='ltr'><strong>nostrum</strong></span> 
     </span>
    </p>
   </div>
   <div class='ocr_carea' id='block_1_122' title="bbox 1733 3454 3324 3528">
    <p class='ocr_par' dir='ltr' id='par_1_122' title="bbox 1733 3454 3324 3528">
     <span class='ocr_line' id='line_1_124' title="bbox 1733 3454 3324 3528; baseline 0.008 -22"><span class='ocrx_word' id='word_1_910' title='bbox 1733 3454 2030 3522; x_wconf 90' lang='lat' dir='ltr'><strong>posuimus.</strong></span> <span class='ocrx_word' id='word_1_911' title='bbox 2076 3455 2264 3509; x_wconf 90' lang='lat' dir='ltr'><strong>Aversi</strong></span> <span class='ocrx_word' id='word_1_912' title='bbox 2311 3456 2570 3528; x_wconf 86' lang='lat' dir='ltr'><strong>siquidem</strong></span> <span class='ocrx_word' id='word_1_913' title='bbox 2612 3471 2640 3509; x_wconf 92' lang='lat' dir='ltr'><strong>a</strong></span> <span class='ocrx_word' id='word_1_914' title='bbox 2692 3457 2801 3528; x_wconf 88' lang='lat' dir='ltr'><strong>Deo</strong></span> <span class='ocrx_word' id='word_1_915' title='bbox 2844 3454 3062 3526; x_wconf 80' lang='lat' dir='ltr'><strong>sumus;</strong></span> <span class='ocrx_word' id='word_1_916' title='bbox 3109 3470 3324 3528; x_wconf 84' lang='lat' dir='ltr'><strong>peccata</strong></span> 
     </span>
    </p>
   </div>
   <div class='ocr_carea' id='block_1_123' title="bbox 1735 3527 3324 3600">
    <p class='ocr_par' dir='ltr' id='par_1_123' title="bbox 1735 3527 3324 3600">
     <span class='ocr_line' id='line_1_125' title="bbox 1735 3527 3324 3600; baseline 0.006 -23"><span class='ocrx_word' id='word_1_917' title='bbox 1735 3533 1920 3578; x_wconf 90' lang='lat' dir='ltr'><strong>nostra</strong></span> <span class='ocrx_word' id='word_1_918' title='bbox 1954 3535 2203 3600; x_wconf 80' lang='lat' dir='ltr'><strong>separant</strong></span> <span class='ocrx_word' id='word_1_919' title='bbox 2236 3540 2331 3580; x_wconf 90' lang='lat' dir='ltr'><strong>nos</strong></span> <span class='ocrx_word' id='word_1_920' title='bbox 2356 3527 2423 3581; x_wconf 89' lang='lat' dir='ltr'><strong>ab</strong></span> <span class='ocrx_word' id='word_1_921' title='bbox 2448 3542 2534 3600; x_wconf 75' lang='lat' dir='ltr'><strong>e9.</strong></span> <span class='ocrx_word' id='word_1_922' title='bbox 2568 3529 2634 3581; x_wconf 87' lang='lat' dir='ltr'><strong>Et</strong></span> <span class='ocrx_word' id='word_1_923' title='bbox 2661 3527 2780 3582; x_wconf 92' lang='lat' dir='ltr'><strong>ideo</strong></span> <span class='ocrx_word' id='word_1_924' title='bbox 2807 3543 2926 3582; x_wconf 91' lang='lat' dir='ltr'><strong>cum</strong></span> <span class='ocrx_word' id='word_1_925' title='bbox 2957 3527 3212 3600; x_wconf 85' lang='lat' dir='ltr'><strong>propheta</strong></span> <span class='ocrx_word' id='word_1_926' title='bbox 3243 3532 3324 3586; x_wconf 85' lang='lat' dir='ltr'><strong>di-</strong></span> 
     </span>
    </p>
   </div>
   <div class='ocr_carea' id='block_1_124' title="bbox 1733 3595 3322 3670">
    <p class='ocr_par' dir='ltr' id='par_1_124' title="bbox 1733 3595 3322 3670">
     <span class='ocr_line' id='line_1_126' title="bbox 1733 3595 3322 3670; baseline 0.006 -22"><span class='ocrx_word' id='word_1_927' title='bbox 1733 3609 1956 3650; x_wconf 87' lang='lat' dir='ltr'><strong>camus:</strong></span> <span class='ocrx_word' id='word_1_928' title='bbox 1989 3595 2381 3670; x_wconf 67' lang='lat' dir='ltr'><strong>__(_Jon_uerte_nos</strong></span> <span class='ocrx_word' id='word_1_929' title='bbox 2403 3639 2418 3664; x_wconf 91' lang='lat'><strong>,</strong></span> <span class='ocrx_word' id='word_1_930' title='bbox 2466 3596 2625 3670; x_wconf 73' lang='lat' dir='ltr'><strong>Deus</strong></span> <span class='ocrx_word' id='word_1_931' title='bbox 2651 3600 2891 3654; x_wconf 77' lang='lat' dir='ltr'><strong>salutaris</strong></span> <span class='ocrx_word' id='word_1_932' title='bbox 2936 3595 3105 3656; x_wconf 77' lang='lat' dir='ltr'><strong>noster</strong></span> <span class='ocrx_word' id='word_1_933' title='bbox 3152 3601 3322 3670; x_wconf 86' lang='lat' dir='ltr'><strong>(Psal.</strong></span> 
     </span>
    </p>
   </div>
   <div class='ocr_carea' id='block_1_125' title="bbox 1735 3666 3327 3741">
    <p class='ocr_par' dir='ltr' id='par_1_125' title="bbox 1735 3666 3327 3741">
     <span class='ocr_line' id='line_1_127' title="bbox 1735 3666 3327 3741; baseline 0.006 -22"><span class='ocrx_word' id='word_1_934' title='bbox 1735 3681 1960 3741; x_wconf 56' lang='lat' dir='ltr'><strong>pxxsiv,</strong></span> <span class='ocrx_word' id='word_1_935' title='bbox 1986 3667 2065 3734; x_wconf 84' lang='lat'><strong>5).</strong></span> <span class='ocrx_word' id='word_1_936' title='bbox 2090 3666 2145 3722; x_wconf 93' lang='lat' dir='ltr'><strong>Si</strong></span> <span class='ocrx_word' id='word_1_937' title='bbox 2173 3667 2424 3741; x_wconf 90' lang='lat' dir='ltr'><strong>mulieres</strong></span> <span class='ocrx_word' id='word_1_938' title='bbox 2450 3669 2723 3741; x_wconf 90' lang='lat' dir='ltr'><strong>speculum</strong></span> <span class='ocrx_word' id='word_1_939' title='bbox 2751 3687 2926 3735; x_wconf 89' lang='lat' dir='ltr'><strong>suum,</strong></span> <span class='ocrx_word' id='word_1_940' title='bbox 2960 3671 3012 3725; x_wconf 92' lang='lat' dir='ltr'><strong>in</strong></span> <span class='ocrx_word' id='word_1_941' title='bbox 3036 3688 3141 3741; x_wconf 90' lang='lat' dir='ltr'><strong>quo</strong></span> <span class='ocrx_word' id='word_1_942' title='bbox 3160 3666 3327 3729; x_wconf 66' lang='lat' dir='ltr'><strong>iacies</strong></span> 
     </span>
    </p>
   </div>
   <div class='ocr_carea' id='block_1_126' title="bbox 1734 3737 3329 3812">
    <p class='ocr_par' dir='ltr' id='par_1_126' title="bbox 1734 3737 3329 3812">
     <span class='ocr_line' id='line_1_128' title="bbox 1734 3737 3329 3812; baseline 0.005 -22"><span class='ocrx_word' id='word_1_943' title='bbox 1734 3737 2052 3812; x_wconf 85' lang='lat' dir='ltr'><strong>inspiciunt,</strong></span> <span class='ocrx_word' id='word_1_944' title='bbox 2096 3753 2216 3794; x_wconf 89' lang='lat' dir='ltr'><strong>cum</strong></span> <span class='ocrx_word' id='word_1_945' title='bbox 2265 3737 2574 3812; x_wconf 82' lang='lat' dir='ltr'><strong>amiserint,</strong></span> <span class='ocrx_word' id='word_1_946' title='bbox 2626 3741 2906 3810; x_wconf 89' lang='lat' dir='ltr'><strong>diligenter</strong></span> <span class='ocrx_word' id='word_1_947' title='bbox 2953 3737 3220 3812; x_wconf 76' lang='lat' dir='ltr'><strong>quaerunt,</strong></span> <span class='ocrx_word' id='word_1_948' title='bbox 3273 3753 3329 3798; x_wconf 86' lang='lat' dir='ltr'><strong>et</strong></span> 
     </span>
    </p>
   </div>
   <div class='ocr_carea' id='block_1_127' title="bbox 1734 3809 3326 3882">
    <p class='ocr_par' dir='ltr' id='par_1_127' title="bbox 1734 3809 3326 3882">
     <span class='ocr_line' id='line_1_129' title="bbox 1734 3809 3326 3882; baseline 0.004 -21"><span class='ocrx_word' id='word_1_949' title='bbox 1734 3809 1945 3882; x_wconf 86' lang='lat' dir='ltr'><strong>curiose</strong></span> <span class='ocrx_word' id='word_1_950' title='bbox 1974 3817 2244 3882; x_wconf 79' lang='lat' dir='ltr'><strong>tergunta</strong></span> <span class='ocrx_word' id='word_1_951' title='bbox 2275 3811 2495 3882; x_wconf 81' lang='lat' dir='ltr'><strong>pulvere</strong></span> <span class='ocrx_word' id='word_1_952' title='bbox 2523 3821 2577 3864; x_wconf 91' lang='lat' dir='ltr'><strong>et</strong></span> <span class='ocrx_word' id='word_1_953' title='bbox 2603 3809 2819 3882; x_wconf 15' lang='lat' dir='ltr'><strong>aisortlc</strong></span> <span class='ocrx_word' id='word_1_954' title='bbox 2850 3831 2862 3866; x_wconf 89' lang='lat'><strong>:</strong></span> <span class='ocrx_word' id='word_1_955' title='bbox 2894 3809 3064 3867; x_wconf 82' lang='lat' dir='ltr'><strong>multo</strong></span> <span class='ocrx_word' id='word_1_956' title='bbox 3098 3815 3326 3882; x_wconf 87' lang='lat' dir='ltr'><strong>amplius</strong></span> 
     </span>
    </p>
   </div>
   <div class='ocr_carea' id='block_1_128' title="bbox 1734 3879 3328 3947">
    <p class='ocr_par' dir='ltr' id='par_1_128' title="bbox 1734 3879 3328 3947">
     <span class='ocr_line' id='line_1_130' title="bbox 1734 3879 3328 3947; baseline 0.005 -16"><span class='ocrx_word' id='word_1_957' title='bbox 1734 3881 2009 3947; x_wconf 82' lang='lat' dir='ltr'><strong>speculum</strong></span> <span class='ocrx_word' id='word_1_958' title='bbox 2049 3879 2316 3935; x_wconf 90' lang='lat' dir='ltr'><strong>interioris</strong></span> <span class='ocrx_word' id='word_1_959' title='bbox 2362 3881 2594 3936; x_wconf 89' lang='lat' dir='ltr'><strong>hominis</strong></span> <span class='ocrx_word' id='word_1_960' title='bbox 2628 3881 2884 3936; x_wconf 90' lang='lat' dir='ltr'><strong>debemus</strong></span> <span class='ocrx_word' id='word_1_961' title='bbox 2923 3891 2976 3936; x_wconf 90' lang='lat' dir='ltr'><strong>et</strong></span> <span class='ocrx_word' id='word_1_962' title='bbox 3006 3879 3244 3939; x_wconf 79' lang='lat' dir='ltr'><strong>invenire</strong></span> <span class='ocrx_word' id='word_1_963' title='bbox 3272 3893 3328 3939; x_wconf 80' lang='lat' dir='ltr'><strong>et</strong></span> 
     </span>
    </p>
   </div>
   <div class='ocr_carea' id='block_1_129' title="bbox 1734 3950 3328 4026">
    <p class='ocr_par' dir='ltr' id='par_1_129' title="bbox 1734 3950 3328 4026">
     <span class='ocr_line' id='line_1_131' title="bbox 1734 3950 3328 4026; baseline 0.004 -24"><span class='ocrx_word' id='word_1_964' title='bbox 1734 3957 1942 4017; x_wconf 89' lang='lat' dir='ltr'><strong>tergere</strong></span> <span class='ocrx_word' id='word_1_965' title='bbox 1967 3960 2019 4026; x_wconf 81' lang='lat' dir='ltr'><strong>et</strong></span> <span class='ocrx_word' id='word_1_966' title='bbox 2050 3950 2351 4026; x_wconf 79' lang='lat' dir='ltr'><strong>inspicere;</strong></span> <span class='ocrx_word' id='word_1_967' title='bbox 2381 3961 2438 4026; x_wconf 84' lang='lat' dir='ltr'><strong>ut</strong></span> <span class='ocrx_word' id='word_1_968' title='bbox 2461 3952 2605 4026; x_wconf 90' lang='lat' dir='ltr'><strong>in_eo</strong></span> <span class='ocrx_word' id='word_1_969' title='bbox 2636 3961 2797 4026; x_wconf 76' lang='lat' dir='ltr'><strong>totain</strong></span> <span class='ocrx_word' id='word_1_970' title='bbox 2830 3954 3204 4021; x_wconf 90' lang='lat' dir='ltr'><strong>turpitudinem</strong></span> <span class='ocrx_word' id='word_1_971' title='bbox 3231 3970 3328 4008; x_wconf 80' lang='lat' dir='ltr'><strong>no-</strong></span> 
     </span>
    </p>
   </div>
   <div class='ocr_carea' id='block_1_130' title="bbox 1735 4021 3326 4094">
    <p class='ocr_par' dir='ltr' id='par_1_130' title="bbox 1735 4021 3326 4094">
     <span class='ocr_line' id='line_1_132' title="bbox 1735 4021 3326 4094; baseline 0.005 -22"><span class='ocrx_word' id='word_1_972' title='bbox 1735 4028 1898 4074; x_wconf 86' lang='lat' dir='ltr'><strong>stram</strong></span> <span class='ocrx_word' id='word_1_973' title='bbox 1931 4022 2201 4094; x_wconf 83' lang='lat' dir='ltr'><strong>valeamus</strong></span> <span class='ocrx_word' id='word_1_974' title='bbox 2231 4021 2653 4094; x_wconf 78' lang='lat' dir='ltr'><strong>deprehendere,</strong></span> <span class='ocrx_word' id='word_1_975' title='bbox 2678 4021 2821 4094; x_wconf 69' lang='lat' dir='ltr'><strong>ct&#39;ita</strong></span> <span class='ocrx_word' id='word_1_976' title='bbox 2851 4036 2944 4091; x_wconf 88' lang='lat' dir='ltr'><strong>per</strong></span> <span class='ocrx_word' id='word_1_977' title='bbox 2967 4026 3326 4094; x_wconf 86' lang='lat' dir='ltr'><strong>cognitionem</strong></span> 
     </span>
    </p>
   </div>
   <div class='ocr_carea' id='block_1_131' title="bbox 1733 4091 2894 4161">
    <p class='ocr_par' dir='ltr' id='par_1_131' title="bbox 1733 4091 2894 4161">
     <span class='ocr_line' id='line_1_133' title="bbox 1733 4091 2894 4161; baseline 0.001 -17"><span class='ocrx_word' id='word_1_978' title='bbox 1733 4101 1968 4144; x_wconf 90' lang='lat' dir='ltr'><strong>nostram</strong></span> <span class='ocrx_word' id='word_1_979' title='bbox 2001 4091 2066 4144; x_wconf 87' lang='lat' dir='ltr'><strong>ad</strong></span> <span class='ocrx_word' id='word_1_980' title='bbox 2091 4091 2449 4160; x_wconf 87' lang='lat' dir='ltr'><strong>cognitionem</strong></span> <span class='ocrx_word' id='word_1_981' title='bbox 2478 4093 2568 4146; x_wconf 91' lang='lat' dir='ltr'><strong>Dei</strong></span> <span class='ocrx_word' id='word_1_982' title='bbox 2601 4093 2894 4161; x_wconf 89' lang='lat' dir='ltr'><strong>pervenire.</strong></span> 
     </span>
    </p>
   </div>
   <div class='ocr_carea' id='block_1_132' title="bbox 1804 4161 3326 4221">
    <p class='ocr_par' dir='ltr' id='par_1_132' title="bbox 1804 4161 3326 4221">
     <span class='ocr_line' id='line_1_134' title="bbox 1804 4161 3326 4221; baseline 0.004 -7"><span class='ocrx_word' id='word_1_983' title='bbox 1804 4161 2028 4217; x_wconf 84' lang='lat' dir='ltr'><strong>CAPUT</strong></span> <span class='ocrx_word' id='word_1_984' title='bbox 2049 4161 2178 4214; x_wconf 91' lang='lat' dir='ltr'><strong>Llll.</strong></span> <span class='ocrx_word' id='word_1_985' title='bbox 2205 4161 2284 4214; x_wconf 83' lang='lat' dir='ltr'><strong>Ad</strong></span> <span class='ocrx_word' id='word_1_986' title='bbox 2310 4163 2537 4216; x_wconf 85' lang='lat' dir='ltr'><strong>notitiam</strong></span> <span class='ocrx_word' id='word_1_987' title='bbox 2559 4164 2638 4217; x_wconf 83' lang='lat' dir='ltr'><strong>sui</strong></span> <span class='ocrx_word' id='word_1_988' title='bbox 2683 4164 2782 4216; x_wconf 86' lang='lat' dir='ltr'><strong>duo</strong></span> <span class='ocrx_word' id='word_1_989' title='bbox 2834 4165 3130 4218; x_wconf 80' lang='lat' dir='ltr'><strong>necessaria.</strong></span> <span class='ocrx_word' id='word_1_990' title='bbox 3156 4165 3326 4221; x_wconf 88' lang='lat' dir='ltr'><strong>Homo</strong></span> 
     </span>
    </p>
   </div>
   <div class='ocr_carea' id='block_1_133' title="bbox 1735 4230 3330 4303">
    <p class='ocr_par' dir='ltr' id='par_1_133' title="bbox 1735 4230 3330 4303">
     <span class='ocr_line' id='line_1_135' title="bbox 1735 4230 3330 4303; baseline 0.004 -19"><span class='ocrx_word' id='word_1_991' title='bbox 1735 4230 1899 4303; x_wconf 84' lang='lat' dir='ltr'><strong>pulvis</strong></span> <span class='ocrx_word' id='word_1_992' title='bbox 1929 4244 1971 4285; x_wconf 82' lang='lat' dir='ltr'><strong>et</strong></span> <span class='ocrx_word' id='word_1_993' title='bbox 2002 4233 2145 4285; x_wconf 87' lang='lat' dir='ltr'><strong>cinis.</strong></span> <span class='ocrx_word' id='word_1_994' title='bbox 2181 4231 2372 4286; x_wconf 73' lang='lat' dir='ltr'><strong>Gratia:</strong></span> <span class='ocrx_word' id='word_1_995' title='bbox 2404 4232 2498 4286; x_wconf 86' lang='lat' dir='ltr'><strong>Dei</strong></span> <span class='ocrx_word' id='word_1_996' title='bbox 2515 4242 2703 4301; x_wconf 88' lang='lat' dir='ltr'><strong>quanta</strong></span> <span class='ocrx_word' id='word_1_997' title='bbox 2741 4233 3026 4289; x_wconf 81' lang='lat' dir='ltr'><strong>debeamus.</strong></span> <span class='ocrx_word' id='word_1_998' title='bbox 3052 4234 3180 4291; x_wconf 64' lang='lat' dir='ltr'><strong>Haec</strong></span> <span class='ocrx_word' id='word_1_999' title='bbox 3194 4239 3330 4291; x_wconf 84' lang='lat' dir='ltr'><strong>noti-</strong></span> 
     </span>
    </p>
   </div>
   <div class='ocr_carea' id='block_1_134' title="bbox 1735 4303 3327 4378">
    <p class='ocr_par' dir='ltr' id='par_1_134' title="bbox 1735 4303 3327 4378">
     <span class='ocr_line' id='line_1_136' title="bbox 1735 4303 3327 4378; baseline 0.005 -23"><span class='ocrx_word' id='word_1_1000' title='bbox 1735 4304 1804 4356; x_wconf 85' lang='lat' dir='ltr'><strong>tia</strong></span> <span class='ocrx_word' id='word_1_1001' title='bbox 1841 4303 2378 4378; x_wconf 15' lang='lat' dir='ltr'><strong>paritiltumilitatem,</strong></span> <span class='ocrx_word' id='word_1_1002' title='bbox 2414 4305 2741 4372; x_wconf 78' lang='lat' dir='ltr'><strong>charilatem,</strong></span> <span class='ocrx_word' id='word_1_1003' title='bbox 2771 4315 2873 4360; x_wconf 89' lang='lat' dir='ltr'><strong>etc.</strong></span> <span class='ocrx_word' id='word_1_1004' title='bbox 2910 4306 2987 4378; x_wconf 82' lang='grc' dir='ltr'><strong>(α)</strong></span> <span class='ocrx_word' id='word_1_1005' title='bbox 3025 4307 3137 4361; x_wconf 91' lang='lat' dir='ltr'><strong>Duo</strong></span> <span class='ocrx_word' id='word_1_1006' title='bbox 3173 4309 3327 4364; x_wconf 85' lang='lat' dir='ltr'><strong>nobis</strong></span> 
     </span>
    </p>
   </div>
   <div class='ocr_carea' id='block_1_135' title="bbox 1733 4374 3326 4448">
    <p class='ocr_par' dir='ltr' id='par_1_135' title="bbox 1733 4374 3326 4448">
     <span class='ocr_line' id='line_1_137' title="bbox 1733 4374 3326 4448; baseline 0.003 -20"><span class='ocrx_word' id='word_1_1007' title='bbox 1733 4374 2032 4448; x_wconf 78' lang='lat' dir='ltr'><strong>necessaria</strong></span> <span class='ocrx_word' id='word_1_1008' title='bbox 2068 4385 2283 4448; x_wconf 68' lang='lat' dir='ltr'><strong>suntut</strong></span> <span class='ocrx_word' id='word_1_1009' title='bbox 2324 4389 2420 4429; x_wconf 90' lang='lat' dir='ltr'><strong>nos</strong></span> <span class='ocrx_word' id='word_1_1010' title='bbox 2453 4391 2868 4448; x_wconf 86' lang='lat' dir='ltr'><strong>cognoscamus,</strong></span> <span class='ocrx_word' id='word_1_1011' title='bbox 2914 4374 3159 4433; x_wconf 81' lang='lat' dir='ltr'><strong>videlicet</strong></span> <span class='ocrx_word' id='word_1_1012' title='bbox 3196 4395 3326 4448; x_wconf 86' lang='lat' dir='ltr'><strong>qua-</strong></span> 
     </span>
    </p>
   </div>
   <div class='ocr_carea' id='block_1_136' title="bbox 1735 4444 3326 4516">
    <p class='ocr_par' dir='ltr' id='par_1_136' title="bbox 1735 4444 3326 4516">
     <span class='ocr_line' id='line_1_138' title="bbox 1735 4444 3326 4516; baseline 0.005 -18"><span class='ocrx_word' id='word_1_1013' title='bbox 1735 4444 1812 4499; x_wconf 90' lang='lat' dir='ltr'><strong>les</strong></span> <span class='ocrx_word' id='word_1_1014' title='bbox 1837 4446 2003 4499; x_wconf 89' lang='lat' dir='ltr'><strong>simns</strong></span> <span class='ocrx_word' id='word_1_1015' title='bbox 2024 4444 2092 4499; x_wconf 89' lang='lat' dir='ltr'><strong>ad</strong></span> <span class='ocrx_word' id='word_1_1016' title='bbox 2114 4447 2330 4510; x_wconf 90' lang='lat' dir='ltr'><strong>malum,</strong></span> <span class='ocrx_word' id='word_1_1017' title='bbox 2354 4457 2406 4502; x_wconf 90' lang='lat' dir='ltr'><strong>et</strong></span> <span class='ocrx_word' id='word_1_1018' title='bbox 2427 4444 2608 4516; x_wconf 82' lang='lat' dir='ltr'><strong>quales</strong></span> <span class='ocrx_word' id='word_1_1019' title='bbox 2630 4447 2694 4500; x_wconf 88' lang='lat' dir='ltr'><strong>ad</strong></span> <span class='ocrx_word' id='word_1_1020' title='bbox 2721 4448 2939 4502; x_wconf 90' lang='lat' dir='ltr'><strong>bonum.</strong></span> <span class='ocrx_word' id='word_1_1021' title='bbox 2964 4448 3120 4502; x_wconf 86' lang='lat' dir='ltr'><strong>Proni</strong></span> <span class='ocrx_word' id='word_1_1022' title='bbox 3143 4444 3326 4506; x_wconf 74' lang='lat' dir='ltr'><strong>sufnus</strong></span> 
     </span>
    </p>
   </div>
   <div class='ocr_carea' id='block_1_137' title="bbox 1735 4516 3317 4586">
    <p class='ocr_par' dir='ltr' id='par_1_137' title="bbox 1735 4516 3317 4586">
     <span class='ocr_line' id='line_1_139' title="bbox 1735 4516 3317 4586; baseline 0.005 -17"><span class='ocrx_word' id='word_1_1023' title='bbox 1735 4516 1801 4569; x_wconf 88' lang='lat' dir='ltr'><strong>ad</strong></span> <span class='ocrx_word' id='word_1_1024' title='bbox 1831 4517 2048 4582; x_wconf 90' lang='lat' dir='ltr'><strong>malum,</strong></span> <span class='ocrx_word' id='word_1_1025' title='bbox 2079 4526 2132 4570; x_wconf 90' lang='lat' dir='ltr'><strong>et</strong></span> <span class='ocrx_word' id='word_1_1026' title='bbox 2159 4520 2204 4571; x_wconf 91' lang='lat' dir='ltr'><strong>si</strong></span> <span class='ocrx_word' id='word_1_1027' title='bbox 2235 4518 2596 4572; x_wconf 90' lang='lat' dir='ltr'><strong>misericordia</strong></span> <span class='ocrx_word' id='word_1_1028' title='bbox 2628 4519 2720 4574; x_wconf 90' lang='lat' dir='ltr'><strong>Dei</strong></span> <span class='ocrx_word' id='word_1_1029' title='bbox 2751 4535 2856 4572; x_wconf 92' lang='lat' dir='ltr'><strong>non</strong></span> <span class='ocrx_word' id='word_1_1030' title='bbox 2889 4529 3094 4574; x_wconf 89' lang='lat' dir='ltr'><strong>teneret</strong></span> <span class='ocrx_word' id='word_1_1031' title='bbox 3123 4535 3239 4586; x_wconf 89' lang='lat' dir='ltr'><strong>nos,</strong></span> <span class='ocrx_word' id='word_1_1032' title='bbox 3270 4521 3317 4578; x_wconf 82' lang='lat' dir='ltr'><strong>in</strong></span> 
     </span>
    </p>
   </div>
   <div class='ocr_carea' id='block_1_138' title="bbox 1735 4588 3323 4658">
    <p class='ocr_par' dir='ltr' id='par_1_138' title="bbox 1735 4588 3323 4658">
     <span class='ocr_line' id='line_1_140' title="bbox 1735 4588 3323 4658; baseline 0.004 -18"><span class='ocrx_word' id='word_1_1033' title='bbox 1735 4602 1894 4641; x_wconf 87' lang='lat' dir='ltr'><strong>omne</strong></span> <span class='ocrx_word' id='word_1_1034' title='bbox 1921 4588 2104 4641; x_wconf 89' lang='lat' dir='ltr'><strong>vitium</strong></span> <span class='ocrx_word' id='word_1_1035' title='bbox 2133 4603 2411 4656; x_wconf 88' lang='lat' dir='ltr'><strong>possemus</strong></span> <span class='ocrx_word' id='word_1_1036' title='bbox 2436 4588 2648 4656; x_wconf 90' lang='lat' dir='ltr'><strong>cadere,</strong></span> <span class='ocrx_word' id='word_1_1037' title='bbox 2677 4604 2776 4644; x_wconf 89' lang='lat' dir='ltr'><strong>nec</strong></span> <span class='ocrx_word' id='word_1_1038' title='bbox 2801 4588 2922 4643; x_wconf 92' lang='lat' dir='ltr'><strong>inde</strong></span> <span class='ocrx_word' id='word_1_1039' title='bbox 2947 4605 3187 4658; x_wconf 81' lang='lat' dir='ltr'><strong>surgere,</strong></span> <span class='ocrx_word' id='word_1_1040' title='bbox 3222 4591 3323 4646; x_wconf 74' lang='lat' dir='ltr'><strong>nisi</strong></span> 
     </span>
    </p>
   </div>
   <div class='ocr_carea' id='block_1_139' title="bbox 1736 4658 3324 4729">
    <p class='ocr_par' dir='ltr' id='par_1_139' title="bbox 1736 4658 3324 4729">
     <span class='ocr_line' id='line_1_141' title="bbox 1736 4658 3324 4729; baseline 0.004 -18"><span class='ocrx_word' id='word_1_1041' title='bbox 1736 4658 2100 4713; x_wconf 88' lang='lat' dir='ltr'><strong>misericordia</strong></span> <span class='ocrx_word' id='word_1_1042' title='bbox 2131 4660 2222 4713; x_wconf 88' lang='lat' dir='ltr'><strong>Dei</strong></span> <span class='ocrx_word' id='word_1_1043' title='bbox 2262 4660 2698 4729; x_wconf 85' lang='lat' dir='ltr'><strong>subsequeretur,</strong></span> <span class='ocrx_word' id='word_1_1044' title='bbox 2729 4677 2844 4728; x_wconf 71' lang='lat' dir='ltr'><strong>quae</strong></span> <span class='ocrx_word' id='word_1_1045' title='bbox 2875 4677 2969 4714; x_wconf 90' lang='lat' dir='ltr'><strong>nos</strong></span> <span class='ocrx_word' id='word_1_1046' title='bbox 2999 4661 3324 4717; x_wconf 84' lang='lat' dir='ltr'><strong>sublevaret.</strong></span> 
     </span>
    </p>
   </div>
   <div class='ocr_carea' id='block_1_140' title="bbox 1739 4729 3322 4798">
    <p class='ocr_par' dir='ltr' id='par_1_140' title="bbox 1739 4729 3322 4798">
     <span class='ocr_line' id='line_1_142' title="bbox 1739 4729 3322 4798; baseline 0.003 -16"><span class='ocrx_word' id='word_1_1047' title='bbox 1739 4729 1850 4783; x_wconf 89' lang='lat' dir='ltr'><strong>Hoc</strong></span> <span class='ocrx_word' id='word_1_1048' title='bbox 1873 4729 2010 4783; x_wconf 89' lang='lat' dir='ltr'><strong>bene</strong></span> <span class='ocrx_word' id='word_1_1049' title='bbox 2035 4730 2388 4796; x_wconf 84' lang='lat' dir='ltr'><strong>cognoscebat</strong></span> <span class='ocrx_word' id='word_1_1050' title='bbox 2415 4730 2665 4798; x_wconf 87' lang='lat' dir='ltr'><strong>propheta</strong></span> <span class='ocrx_word' id='word_1_1051' title='bbox 2686 4746 2807 4784; x_wconf 92' lang='lat' dir='ltr'><strong>cum</strong></span> <span class='ocrx_word' id='word_1_1052' title='bbox 2829 4729 3054 4796; x_wconf 87' lang='lat' dir='ltr'><strong>dicebat,</strong></span> <span class='ocrx_word' id='word_1_1053' title='bbox 3089 4731 3322 4798; x_wconf 86' lang='lat' dir='ltr'><strong>Domine,</strong></span> 
     </span>
    </p>
   </div>
   <div class='ocr_carea' id='block_1_141' title="bbox 1735 4799 3326 4876">
    <p class='ocr_par' dir='ltr' id='par_1_141' title="bbox 1735 4799 3326 4876">
     <span class='ocr_line' id='line_1_143' title="bbox 1735 4799 3326 4876; baseline 0.003 -23"><span class='ocrx_word' id='word_1_1054' title='bbox 1735 4800 2078 4876; x_wconf 71' lang='lat' dir='ltr'><strong>misericordia</strong></span> <span class='ocrx_word' id='word_1_1055' title='bbox 2104 4811 2191 4853; x_wconf 88' lang='lat' dir='ltr'><strong>tua</strong></span> <span class='ocrx_word' id='word_1_1056' title='bbox 2216 4809 2330 4876; x_wconf 70' lang='lat' dir='ltr'><strong>ante</strong></span> <span class='ocrx_word' id='word_1_1057' title='bbox 2354 4801 2686 4876; x_wconf 72' lang='lat' dir='ltr'><strong>oculosmeos</strong></span> <span class='ocrx_word' id='word_1_1058' title='bbox 2718 4802 2736 4872; x_wconf 88' lang='lat'>(</span> <span class='ocrx_word' id='word_1_1059' title='bbox 2757 4799 2899 4876; x_wconf 70' lang='lat' dir='ltr'><strong>Rsal.</strong></span> <span class='ocrx_word' id='word_1_1060' title='bbox 2929 4817 3056 4868; x_wconf 82' lang='lat' dir='ltr'><strong>xxv,</strong></span> <span class='ocrx_word' id='word_1_1061' title='bbox 3086 4803 3119 4856; x_wconf 78' lang='lat'><strong>5</strong></span> <span class='ocrx_word' id='word_1_1062' title='bbox 3135 4802 3326 4876; x_wconf 72' lang='lat' dir='ltr'><strong>),_qu:n</strong></span> 
     </span>
    </p>
   </div>
   <div class='ocr_carea' id='block_1_142' title="bbox 1734 4870 3322 4945">
    <p class='ocr_par' dir='ltr' id='par_1_142' title="bbox 1734 4870 3322 4945">
     <span class='ocr_line' id='line_1_144' title="bbox 1734 4870 3322 4945; baseline 0.003 -20"><span class='ocrx_word' id='word_1_1063' title='bbox 1734 4887 1819 4925; x_wconf 89' lang='lat' dir='ltr'><strong>me</strong></span> <span class='ocrx_word' id='word_1_1064' title='bbox 1840 4871 2122 4945; x_wconf 76' lang='lat' dir='ltr'><strong>custodiat;</strong></span> <span class='ocrx_word' id='word_1_1065' title='bbox 2142 4879 2214 4936; x_wconf 91' lang='lat' dir='ltr'><strong>et,</strong></span> <span class='ocrx_word' id='word_1_1066' title='bbox 2234 4870 2586 4945; x_wconf 68' lang='lat' dir='ltr'><strong>Misericordia</strong></span> <span class='ocrx_word' id='word_1_1067' title='bbox 2609 4870 3042 4945; x_wconf 67' lang='lat' dir='ltr'><strong>tuasubsequatur</strong></span> <span class='ocrx_word' id='word_1_1068' title='bbox 3054 4870 3322 4945; x_wconf 71' lang='lat' dir='ltr'><strong>me(l’sal.</strong></span> 
     </span>
    </p>
   </div>
   <div class='ocr_carea' id='block_1_143' title="bbox 1734 4941 3322 5014">
    <p class='ocr_par' dir='ltr' id='par_1_143' title="bbox 1734 4941 3322 5014">
     <span class='ocr_line' id='line_1_145' title="bbox 1734 4941 3322 5014; baseline 0.003 -20"><span class='ocrx_word' id='word_1_1069' title='bbox 1734 4957 1844 4995; x_wconf 71' lang='grc' dir='ltr'>χχιι</span> <span class='ocrx_word' id='word_1_1070' title='bbox 1865 4941 2149 5014; x_wconf 72' lang='lat' dir='ltr'><strong>,_6),_qu_;e</strong></span> <span class='ocrx_word' id='word_1_1071' title='bbox 2179 4956 2264 5014; x_wconf 87' lang='lat' dir='ltr'><strong>me</strong></span> <span class='ocrx_word' id='word_1_1072' title='bbox 2289 4941 2474 5014; x_wconf 79' lang='lat' dir='ltr'><strong>erigat.</strong></span> <span class='ocrx_word' id='word_1_1073' title='bbox 2506 4941 2725 5014; x_wconf 81' lang='lat' dir='ltr'><strong>Invalidi</strong></span> <span class='ocrx_word' id='word_1_1074' title='bbox 2762 4957 2945 4996; x_wconf 88' lang='lat' dir='ltr'><strong>sumus</strong></span> <span class='ocrx_word' id='word_1_1075' title='bbox 2981 4943 3047 4996; x_wconf 90' lang='lat' dir='ltr'><strong>ad</strong></span> <span class='ocrx_word' id='word_1_1076' title='bbox 3088 4941 3284 4998; x_wconf 83' lang='lat' dir='ltr'><strong>bonum</strong></span> <span class='ocrx_word' id='word_1_1077' title='bbox 3305 4987 3322 5014; x_wconf 93' lang='lat'><strong>,</strong></span> 
     </span>
    </p>
   </div>
   <div class='ocr_carea' id='block_1_144' title="bbox 1733 5010 3324 5085">
    <p class='ocr_par' dir='ltr' id='par_1_144' title="bbox 1733 5010 3324 5085">
     <span class='ocr_line' id='line_1_146' title="bbox 1733 5010 3324 5085; baseline 0.003 -19"><span class='ocrx_word' id='word_1_1078' title='bbox 1733 5027 1836 5066; x_wconf 88' lang='lat' dir='ltr'><strong>nec</strong></span> <span class='ocrx_word' id='word_1_1079' title='bbox 1861 5010 1974 5066; x_wconf 89' lang='lat' dir='ltr'><strong>sine</strong></span> <span class='ocrx_word' id='word_1_1080' title='bbox 2004 5011 2100 5065; x_wconf 91' lang='lat' dir='ltr'><strong>Dei</strong></span> <span class='ocrx_word' id='word_1_1081' title='bbox 2133 5011 2300 5080; x_wconf 87' lang='lat' dir='ltr'><strong>gratia</strong></span> <span class='ocrx_word' id='word_1_1082' title='bbox 2331 5010 2527 5085; x_wconf 80' lang='lat' dir='ltr'><strong>bonum</strong></span> <span class='ocrx_word' id='word_1_1083' title='bbox 2558 5013 2750 5085; x_wconf 62' lang='lat' dir='ltr'><strong>facere,</strong></span> <span class='ocrx_word' id='word_1_1084' title='bbox 2785 5014 2868 5068; x_wconf 88' lang='lat' dir='ltr'><strong>vel</strong></span> <span class='ocrx_word' id='word_1_1085' title='bbox 2900 5014 2950 5068; x_wconf 92' lang='lat' dir='ltr'><strong>in</strong></span> <span class='ocrx_word' id='word_1_1086' title='bbox 2981 5015 3158 5085; x_wconf 90' lang='lat' dir='ltr'><strong>aliquo</strong></span> <span class='ocrx_word' id='word_1_1087' title='bbox 3184 5010 3324 5070; x_wconf 83' lang='lat' dir='ltr'><strong>bono</strong></span> 
     </span>
    </p>
   </div>
   <div class='ocr_carea' id='block_1_145' title="bbox 1734 5081 3371 5159">
    <p class='ocr_par' dir='ltr' id='par_1_145' title="bbox 1734 5081 3371 5159">
     <span class='ocr_line' id='line_1_147' title="bbox 1734 5081 3371 5159; baseline 0.001 -23"><span class='ocrx_word' id='word_1_1088' title='bbox 1734 5097 2080 5159; x_wconf 65' lang='lat' dir='ltr'><strong>perseverare</strong></span> <span class='ocrx_word' id='word_1_1089' title='bbox 2104 5081 2762 5159; x_wconf 64' lang='lat' dir='ltr'><strong>pessu_mu_s._lstudetiam</strong></span> <span class='ocrx_word' id='word_1_1090' title='bbox 2788 5081 3086 5159; x_wconf 65' lang='lat' dir='ltr'><strong>Apostolus</strong></span> <span class='ocrx_word' id='word_1_1091' title='bbox 3101 5087 3322 5159; x_wconf 87' lang='lat' dir='ltr'><strong>sciebat,</strong></span> <span class='ocrx_word' id='word_1_1092' title='bbox 3362 5131 3371 5159; x_wconf 56' lang='grc' dir='ltr'><em>ί</em></span> 
     </span>
    </p>
   </div>
   <div class='ocr_carea' id='block_1_146' title="bbox 1733 5151 3354 5226">
    <p class='ocr_par' dir='ltr' id='par_1_146' title="bbox 1733 5151 3354 5226">
     <span class='ocr_line' id='line_1_148' title="bbox 1733 5151 3354 5226; baseline 0.001 -18"><span class='ocrx_word' id='word_1_1093' title='bbox 1733 5151 1852 5208; x_wconf 85' lang='lat' dir='ltr'><strong>cum</strong></span> <span class='ocrx_word' id='word_1_1094' title='bbox 1872 5152 2102 5226; x_wconf 82' lang='lat' dir='ltr'><strong>dicebat,</strong></span> <span class='ocrx_word' id='word_1_1095' title='bbox 2132 5151 2308 5206; x_wconf 84' lang='lat' dir='ltr'><strong>Gratia</strong></span> <span class='ocrx_word' id='word_1_1096' title='bbox 2333 5151 2429 5206; x_wconf 81' lang='lat' dir='ltr'><strong>Dei</strong></span> <span class='ocrx_word' id='word_1_1097' title='bbox 2451 5154 2796 5226; x_wconf 76' lang='lat' dir='ltr'><strong>sitntid_quod</strong></span> <span class='ocrx_word' id='word_1_1098' title='bbox 2816 5151 2927 5208; x_wconf 76' lang='lat' dir='ltr'><strong>sum</strong></span> <span class='ocrx_word' id='word_1_1099' title='bbox 2949 5174 2965 5226; x_wconf 67' lang='lat' dir='ltr'><strong>,f</strong></span> <span class='ocrx_word' id='word_1_1100' title='bbox 2988 5165 3041 5208; x_wconf 85' lang='lat' dir='ltr'><strong>ct</strong></span> <span class='ocrx_word' id='word_1_1101' title='bbox 3067 5158 3186 5224; x_wconf 85' lang='lat' dir='ltr'><strong>quia</strong></span> <span class='ocrx_word' id='word_1_1102' title='bbox 3208 5151 3326 5226; x_wconf 56' lang='lat' dir='ltr'><strong>gra-l</strong></span> <span class='ocrx_word' id='word_1_1103' title='bbox 3347 5180 3354 5202; x_wconf 78' lang='grc' dir='ltr'><em>ι</em></span> 
     </span>
    </p>
   </div>
   <div class='ocr_carea' id='block_1_147' title="bbox 1735 5224 3324 5296">
    <p class='ocr_par' dir='ltr' id='par_1_147' title="bbox 1735 5224 3324 5296">
     <span class='ocr_line' id='line_1_149' title="bbox 1735 5224 3324 5296; baseline -0.001 -18"><span class='ocrx_word' id='word_1_1104' title='bbox 1735 5226 1805 5278; x_wconf 84' lang='lat' dir='ltr'><strong>tia</strong></span> <span class='ocrx_word' id='word_1_1105' title='bbox 1829 5225 1937 5295; x_wconf 82' lang='lat' dir='ltr'><strong>ejus</strong></span> <span class='ocrx_word' id='word_1_1106' title='bbox 1961 5224 2012 5276; x_wconf 88' lang='lat' dir='ltr'><strong>in</strong></span> <span class='ocrx_word' id='word_1_1107' title='bbox 2034 5240 2112 5277; x_wconf 88' lang='lat' dir='ltr'><strong>me</strong></span> <span class='ocrx_word' id='word_1_1108' title='bbox 2136 5240 2293 5296; x_wconf 74' lang='lat' dir='ltr'><strong>vacua</strong></span> <span class='ocrx_word' id='word_1_1109' title='bbox 2319 5240 2420 5276; x_wconf 87' lang='lat' dir='ltr'><strong>non</strong></span> <span class='ocrx_word' id='word_1_1110' title='bbox 2445 5225 2537 5296; x_wconf 76' lang='lat' dir='ltr'><strong>fuit</strong></span> <span class='ocrx_word' id='word_1_1111' title='bbox 2562 5224 2604 5296; x_wconf 90' lang='grc' dir='ltr'><strong>(Ι</strong></span> <span class='ocrx_word' id='word_1_1112' title='bbox 2626 5224 2742 5279; x_wconf 86' lang='lat' dir='ltr'><strong>Cor.</strong></span> <span class='ocrx_word' id='word_1_1113' title='bbox 2771 5242 2860 5291; x_wconf 82' lang='lat' dir='ltr'><strong>xv,</strong></span> <span class='ocrx_word' id='word_1_1114' title='bbox 2887 5225 2996 5294; x_wconf 77' lang='grc'><strong>10),</strong></span> <span class='ocrx_word' id='word_1_1115' title='bbox 3020 5229 3183 5296; x_wconf 86' lang='lat' dir='ltr'><strong>gratia</strong></span> <span class='ocrx_word' id='word_1_1116' title='bbox 3207 5224 3324 5292; x_wconf 83' lang='lat' dir='ltr'><strong>ejus</strong></span> 
     </span>
    </p>
   </div>
   <div class='ocr_carea' id='block_1_148' title="bbox 1733 5294 3324 5366">
    <p class='ocr_par' dir='ltr' id='par_1_148' title="bbox 1733 5294 3324 5366">
     <span class='ocr_line' id='line_1_150' title="bbox 1733 5294 3324 5366; baseline 0 -16"><span class='ocrx_word' id='word_1_1117' title='bbox 1733 5297 1786 5350; x_wconf 90' lang='lat' dir='ltr'><strong>in</strong></span> <span class='ocrx_word' id='word_1_1118' title='bbox 1819 5294 1902 5366; x_wconf 82' lang='lat' dir='ltr'><strong>me</strong></span> <span class='ocrx_word' id='word_1_1119' title='bbox 1935 5303 2130 5349; x_wconf 87' lang='lat' dir='ltr'><strong>manet.</strong></span> <span class='ocrx_word' id='word_1_1120' title='bbox 2163 5294 2308 5348; x_wconf 87' lang='lat' dir='ltr'><strong>Hanc</strong></span> <span class='ocrx_word' id='word_1_1121' title='bbox 2345 5294 2610 5366; x_wconf 80' lang='lat' dir='ltr'><strong>geminant</strong></span> <span class='ocrx_word' id='word_1_1122' title='bbox 2637 5298 2993 5366; x_wconf 63' lang='lat' dir='ltr'><strong>cognitionem</strong></span> <span class='ocrx_word' id='word_1_1123' title='bbox 3024 5294 3102 5348; x_wconf 69' lang='lat' dir='ltr'><strong>Sui</strong></span> <span class='ocrx_word' id='word_1_1124' title='bbox 3140 5295 3324 5350; x_wconf 81' lang='lat' dir='ltr'><strong>habuit</strong></span> 
     </span>
    </p>
   </div>
   <div class='ocr_carea' id='block_1_149' title="bbox 1734 5365 3320 5437">
    <p class='ocr_par' dir='ltr' id='par_1_149' title="bbox 1734 5365 3320 5437">
     <span class='ocr_line' id='line_1_151' title="bbox 1734 5365 3320 5437; baseline -0.003 -16"><span class='ocrx_word' id='word_1_1125' title='bbox 1734 5365 2001 5422; x_wconf 85' lang='lat' dir='ltr'><strong>Abraham</strong></span> <span class='ocrx_word' id='word_1_1126' title='bbox 2037 5381 2157 5437; x_wconf 86' lang='lat' dir='ltr'><strong>cum</strong></span> <span class='ocrx_word' id='word_1_1127' title='bbox 2192 5365 2394 5420; x_wconf 90' lang='lat' dir='ltr'><strong>diceret</strong></span> <span class='ocrx_word' id='word_1_1128' title='bbox 2423 5365 2670 5437; x_wconf 15' lang='lat' dir='ltr'><strong>:HLoquar</strong></span> <span class='ocrx_word' id='word_1_1129' title='bbox 2707 5365 2775 5419; x_wconf 85' lang='lat' dir='ltr'><strong>ad</strong></span> <span class='ocrx_word' id='word_1_1130' title='bbox 2812 5365 3086 5437; x_wconf 69' lang='lat' dir='ltr'><strong>Dominum</strong></span> <span class='ocrx_word' id='word_1_1131' title='bbox 3121 5381 3282 5417; x_wconf 87' lang='lat' dir='ltr'><strong>meum</strong></span> <span class='ocrx_word' id='word_1_1132' title='bbox 3303 5407 3320 5432; x_wconf 91' lang='lat'><strong>,</strong></span> 
     </span>
    </p>
   </div>
   <div class='ocr_carea' id='block_1_150' title="bbox 1735 5435 3322 5518">
    <p class='ocr_par' dir='ltr' id='par_1_150' title="bbox 1735 5435 3322 5518">
     <span class='ocr_line' id='line_1_152' title="bbox 1735 5435 3322 5518; baseline -0.004 -28"><span class='ocrx_word' id='word_1_1133' title='bbox 1735 5455 1848 5491; x_wconf 85' lang='lat' dir='ltr'><strong>cum</strong></span> <span class='ocrx_word' id='word_1_1134' title='bbox 1871 5438 1965 5492; x_wconf 87' lang='lat' dir='ltr'><strong>sim</strong></span> <span class='ocrx_word' id='word_1_1135' title='bbox 1997 5436 2158 5518; x_wconf 60' lang='lat' dir='ltr'><strong>pulpis</strong></span> <span class='ocrx_word' id='word_1_1136' title='bbox 2183 5447 2230 5492; x_wconf 89' lang='lat' dir='ltr'><strong>et</strong></span> <span class='ocrx_word' id='word_1_1137' title='bbox 2258 5437 2383 5518; x_wconf 74' lang='lat' dir='ltr'><strong>cinis</strong></span> <span class='ocrx_word' id='word_1_1138' title='bbox 2414 5435 2562 5518; x_wconf 49' lang='lat' dir='ltr'><strong>(lien;</strong></span> <span class='ocrx_word' id='word_1_1139' title='bbox 2592 5453 2745 5501; x_wconf 79' lang='lat' dir='ltr'><strong>xvm,</strong></span> <span class='ocrx_word' id='word_1_1140' title='bbox 2774 5436 2886 5506; x_wconf 68' lang='grc'><strong>27).</strong></span> <span class='ocrx_word' id='word_1_1141' title='bbox 2920 5435 3120 5518; x_wconf 78' lang='lat' dir='ltr'><strong>Revera</strong></span> <span class='ocrx_word' id='word_1_1142' title='bbox 3153 5437 3322 5518; x_wconf 75' lang='lat' dir='ltr'><strong>puva</strong></span> 
     </span>
    </p>
   </div>
   <div class='ocr_carea' id='block_1_151' title="bbox 1735 5508 3324 5577">
    <p class='ocr_par' dir='ltr' id='par_1_151' title="bbox 1735 5508 3324 5577">
     <span class='ocr_line' id='line_1_153' title="bbox 1735 5508 3324 5577; baseline -0.003 -13"><span class='ocrx_word' id='word_1_1143' title='bbox 1735 5519 1813 5564; x_wconf 90' lang='lat' dir='ltr'><strong>est</strong></span> <span class='ocrx_word' id='word_1_1144' title='bbox 1837 5510 2014 5562; x_wconf 87' lang='lat' dir='ltr'><strong>homo.</strong></span> <span class='ocrx_word' id='word_1_1145' title='bbox 2039 5508 2190 5562; x_wconf 85' lang='lat' dir='ltr'><strong>Sicut</strong></span> <span class='ocrx_word' id='word_1_1146' title='bbox 2209 5509 2348 5562; x_wconf 88' lang='lat' dir='ltr'><strong>enim</strong></span> <span class='ocrx_word' id='word_1_1147' title='bbox 2377 5509 2547 5577; x_wconf 90' lang='lat' dir='ltr'><strong>pulvis</strong></span> <span class='ocrx_word' id='word_1_1148' title='bbox 2568 5523 2630 5562; x_wconf 80' lang='lat' dir='ltr'><strong>ex</strong></span> <span class='ocrx_word' id='word_1_1149' title='bbox 2655 5520 2984 5577; x_wconf 79' lang='lat' dir='ltr'><strong>quacumque</strong></span> <span class='ocrx_word' id='word_1_1150' title='bbox 3006 5513 3156 5577; x_wconf 88' lang='lat' dir='ltr'><strong>parte</strong></span> <span class='ocrx_word' id='word_1_1151' title='bbox 3177 5508 3324 5564; x_wconf 84' lang='lat' dir='ltr'><strong>venti</strong></span> 
     </span>
    </p>
   </div>
   <div class='ocr_carea' id='block_1_152' title="bbox 1733 5574 3320 5652">
    <p class='ocr_par' dir='ltr' id='par_1_152' title="bbox 1733 5574 3320 5652">
     <span class='ocr_line' id='line_1_154' title="bbox 1733 5574 3320 5652; baseline -0.001 -18"><span class='ocrx_word' id='word_1_1152' title='bbox 1733 5580 2039 5652; x_wconf 90' lang='lat' dir='ltr'><strong>impellitur,</strong></span> <span class='ocrx_word' id='word_1_1153' title='bbox 2064 5588 2116 5634; x_wconf 91' lang='lat' dir='ltr'><strong>et</strong></span> <span class='ocrx_word' id='word_1_1154' title='bbox 2139 5580 2192 5633; x_wconf 91' lang='lat' dir='ltr'><strong>in</strong></span> <span class='ocrx_word' id='word_1_1155' title='bbox 2214 5574 2570 5633; x_wconf 48' lang='lat' dir='ltr'><strong>aliam&#39;aream</strong></span> <span class='ocrx_word' id='word_1_1156' title='bbox 2593 5574 2854 5646; x_wconf 90' lang='lat' dir='ltr'><strong>dejicitur,</strong></span> <span class='ocrx_word' id='word_1_1157' title='bbox 2878 5583 2931 5629; x_wconf 92' lang='lat' dir='ltr'><strong>et</strong></span> <span class='ocrx_word' id='word_1_1158' title='bbox 2954 5574 3023 5628; x_wconf 89' lang='lat' dir='ltr'><strong>ibi</strong></span> <span class='ocrx_word' id='word_1_1159' title='bbox 3046 5587 3320 5632; x_wconf 89' lang='lat' dir='ltr'><strong>remanet:</strong></span> 
     </span>
    </p>
   </div>
   <div class='ocr_carea' id='block_1_153' title="bbox 1798 5731 2694 5797">
    <p class='ocr_par' dir='ltr' id='par_1_153' title="bbox 1798 5731 2694 5797">
     <span class='ocr_line' id='line_1_155' title="bbox 1798 5731 2694 5797; baseline -0.002 -12"><span class='ocrx_word' id='word_1_1160' title='bbox 1798 5739 1817 5770; x_wconf 80' lang='grc' dir='ltr'><strong><em>ι</em></strong></span> <span class='ocrx_word' id='word_1_1161' title='bbox 1850 5733 1983 5797; x_wconf 80' lang='lat' dir='ltr'><strong>Apud</strong></span> <span class='ocrx_word' id='word_1_1162' title='bbox 2003 5741 2270 5796; x_wconf 80' lang='lat' dir='ltr'><strong>Hugouem,</strong></span> <span class='ocrx_word' id='word_1_1163' title='bbox 2305 5731 2395 5797; x_wconf 83' lang='lat' dir='ltr'><strong>illa</strong></span> <span class='ocrx_word' id='word_1_1164' title='bbox 2413 5767 2466 5797; x_wconf 93' lang='lat'><strong>.._.</strong></span> <span class='ocrx_word' id='word_1_1165' title='bbox 2483 5731 2694 5794; x_wconf 82' lang='lat' dir='ltr'><strong>specula.</strong></span> 
     </span>
    </p>
   </div>
   <div class='ocr_carea' id='block_1_154' title="bbox 1736 5793 3293 5925">
    <p class='ocr_par' dir='ltr' id='par_1_154' title="bbox 1736 5793 3293 5925">
     <span class='ocr_line' id='line_1_156' title="bbox 1736 5793 3293 5925; baseline -0.002 -76"><span class='ocrx_word' id='word_1_1166' title='bbox 1736 5793 2020 5925; x_wconf 39' lang='grc' dir='ltr'><strong>ωἱαλζξίὶάθ</strong></span> <span class='ocrx_word' id='word_1_1167' title='bbox 2051 5793 2169 5857; x_wconf 73' lang='lat' dir='ltr'><strong>Aug.</strong></span> <span class='ocrx_word' id='word_1_1168' title='bbox 2201 5793 2415 5876; x_wconf 78' lang='lat' dir='ltr'><strong>confess.</strong></span> <span class='ocrx_word' id='word_1_1169' title='bbox 2440 5793 2524 5845; x_wconf 78' lang='lat' dir='ltr'><strong>lib.</strong></span> <span class='ocrx_word' id='word_1_1170' title='bbox 2545 5799 2608 5858; x_wconf 68' lang='grc'><strong>2,</strong></span> <span class='ocrx_word' id='word_1_1171' title='bbox 2631 5810 2736 5862; x_wconf 83' lang='lat' dir='ltr'><strong>cap.</strong></span> <span class='ocrx_word' id='word_1_1172' title='bbox 2761 5800 2810 5860; x_wconf 92' lang='lat'><strong>7;</strong></span> <span class='ocrx_word' id='word_1_1173' title='bbox 2835 5799 2946 5849; x_wconf 91' lang='lat' dir='ltr'><strong>vide</strong></span> <span class='ocrx_word' id='word_1_1174' title='bbox 2987 5805 3040 5850; x_wconf 88' lang='lat' dir='ltr'><strong>et</strong></span> <span class='ocrx_word' id='word_1_1175' title='bbox 3081 5797 3293 5849; x_wconf 76' lang='lat' dir='ltr'><strong>Manuale</strong></span> 
     </span>
     <span class='ocr_line' id='line_1_157' title="bbox 1831 5879 1947 5911; baseline -0.017 0"><span class='ocrx_word' id='word_1_1176' title='bbox 1831 5897 1844 5910; x_wconf 79' lang='grc' dir='ltr'><strong>ο</strong></span> <span class='ocrx_word' id='word_1_1177' title='bbox 1872 5879 1947 5911; x_wconf 56' lang='grc' dir='ltr'><strong>δέ).</strong></span> 
     </span>
    </p>
   </div>
  </div>
