3834 6276
613 362 715 422 851
2061 364 2164 421 AP]

2275 364 2420 421 totx.
3216 351 3219 355 '
3345 329 3349 331 ’
3713 381 3789 436 εδ,

611 491 750 556 inus,
777 477 1222 556 sine_l'_atigati_o_ne
1249 476 1596 556 laudabimus.
1629 477 1733 556 sed
1759 485 1815 534 et
1837 477 1902 534 ad
1934 479 2048 532 haec
2074 479 2194 548 quis
2299 480 2445 535 mino
2463 492 2560 534 suo
2590 478 2802 556 (Matth.
2832 496 2960 556 xxv,
2992 481 3108 550 2i).
3149 480 3295 556 Sciat
3321 497 3442 556 ergo
3464 499 3628 543 servus
3640 487 3786 552 Christi

610 549 832 604 idoneus
849 548 874 600 τ
893 547 1198 632 Sine'dubio
1217 549 1306 618 qtti
1329 548 1500 632 fidelis
1526 549 1826 632 invenietur
1845 563 2006 618 super
2025 547 2194 617 pauca
2299 565 2393 632 gas
2420 565 2573 604 suum
2600 547 2886 632 possidere
2927 554 2998 632 in“
3025 547 3437 632 sanctificatione
3469 566 3520 611 et
3555 557 3717 632 honore
3742 547 3787 632 (Ῑ

609 634 730 689 quae
756 619 960 688 accepit
991 619 1198 701 militiai
1223 634 1334 674 sua:
1361 629 1632 701 tempore;
1666 620 1716 674 id
1741 629 1850 684 est,
1880 634 2041 690 super
2063 632 2192 673 sen-
2301 619 2477 701 Thess.
2502 636 2584 701 liv,
2613 619 2647 676 ι
2672 623 2719 688 );
2751 622 3088 701 etgloriflcet
3116 634 3170 679 et
3189 633 3365 694 portet
3382 625 3532 701 Deum
3557 628 3602 682 in
3622 619 3789 701 corpore

608 686 744 776 sus,
763 686 922 776 super
949 698 1206 776 a‘ctus,‘e.t
1230 705 1393 776 super
1418 686 1685 776 appetitus
1713 704 1877 776 suos,
1909 686 2191 776 quos‘s'us-
2297 705 2394 776 suo
2421 691 2464 762 (Ι
2495 686 2614 747 Cor.
2647 686 2729 758 vt,
2755 686 2897 764 20f:
2929 702 3162 750 sectetur
3189 686 3376 766 pacem
3407 695 3573 769 (Hebr.
3609 686 3786 776 mili):

607 759 749 829 cepit
786 760 1068 830 regendos,
1092 769 1150 816 ut
1179 761 1232 815 in
1255 759 1337 816 his
1358 761 1613 831 probetur
1631 775 1789 831 quam
1808 760 1976 815 fidelis
1995 760 2065 815 sit
2084 759 2188 815 Do-
2297 759 2494 818 Amen.

607 894 3780 924 ——-———————-—-——-——-—————-—-I—

1548 1088 1557 1100 ο
1916 982 2583 1072 ADMONITIO

1421 1146 1507 1210 IN
1548 1145 2172 1224 SUBSEQUENTEM
2211 1147 2516 1211 LIBRUM
2554 1148 2662 1210 DE
2691 1147 3083 1212 AMICITIA.

2067 1297 2438 1352 mm

673 1418 998 1490 Opusculum
1024 1426 1107 1474 est
1131 1417 1345 1474 Aelredi
1369 1416 1766 1473 Rhievallensis
1793 1416 1850 1472 in
1894 1415 2084 1487 Anglia
2124 1415 2362 1481 Abbatis,
2395 1414 2589 1487 dialogi
2638 1415 2806 1471 forma
2835 1416 3228 1488 conscriptum,
3276 1426 3333 1474 et
3375 1425 3479 1476 tres
3513 1418 3562 1475 in
3585 1419 3716 1478 libros
3735 1423 3781 1478 alt

597 1511 715 1584 ipso
742 1512 1036 1585 digestum;
1077 1511 1220 1584 quod
1249 1511 1465 1583 quidem
1495 1512 1635 1568 inter
1667 1510 1770 1566 alia
1816 1510 1932 1580 ejus
1956 1524 2120 1581 opera
2151 1509 2300 1580 prelo
2323 1509 2464 1565 edita
2503 1510 2770 1565 sincerum
2797 1510 3078 1566 exhibetur
3115 1520 3171 1567 et.
3208 1512 3468 1583 integrum
3487 1554 3502 1579 ,
3543 1513 3618 1570 hic
3636 1531 3734 1572 vero
3752 1520 3789 1574 in

594 1606 864 1674 epitomen
890 1614 1217 1661 contractum
1249 1612 1334 1661 est
1357 1605 1427 1661 ab
1473 1603 1689 1661 homine
1729 1603 1902 1658 otioso
1921 1646 1938 1670 ,
1977 1605 2066 1674 qui
2097 1617 2204 1658 non
2243 1602 2404 1657 modo
2449 1603 2629 1658 stilum
2660 1599 2894 1659 auctoris
2923 1619 2988 1673 ac.
3013 1603 3328 1660 methodum
3357 1620 3459 1660 non
3482 1609 3703 1676 servavit,
3725 1611 3790 1666 sed

593 1697 712 1767 ejus
737 1713 950 1769 quoque
980 1699 1272 1754 sententias
1307 1697 1533 1752 mutavit
1556 1695 1753 1766 passim
1779 1704 1834 1750 et
1859 1694 2137 1766 insigniter
2160 1694 2385 1749 vitiavit.
2415 1693 2546 1749 Nam
2575 1710 2638 1750 ea
2665 1695 2929 1750 interdum
2959 1711 3079 1765 qua:
3108 1696 3371 1752 Aelredus
3395 1713 3458 1753 ex
3482 1698 3791 1757 interlocutoris

592 1803 826 1861 persona
852 1789 1139 1860 quaerendo
1167 1788 1450 1860 praponit,
1479 1801 1604 1842 mox
1645 1802 1676 1841 a
1722 1800 1782 1841 se
1809 1785 1895 1840 vel
1939 1785 2250 1855 explicanda
2298 1785 2382 1840 vel
2425 1785 2748 1853 refellenda;
2800 1785 3144 1857 proferuntur
3179 1788 3269 1843 hic
3316 1788 3570 1854 absolute,
3595 1801 3640 1846 et
3661 1802 3792 1848 contra

590 1883 759 1955 ipsius
783 1891 1016 1938 mentem
1045 1888 1384 1937 asseruntur.
1415 1878 1503 1936 Sic
1525 1921 1540 1945 ,
1573 1879 1806 1950 exempli
1835 1893 1992 1934 causa
2018 1919 2035 1945 ,
2078 1878 2130 1932 in
2160 1877 2263 1934 nne
2287 1878 2478 1947 capitis
2506 1877 2704 1948 primi,
2745 1878 2888 1948 quod
2917 1880 3078 1934 citata
3102 1879 3263 1934 Tullii
3292 1882 3545 1936 sententia
3564 1883 3790 1952 subjicitur,

604 1993 624 2026 ι
657 1972 789 2041 Quis
818 1973 941 2028 huic
965 1972 1151 2045 gentili
1181 1972 1371 2028 fortem
1397 1971 1675 2027 ebaritatis
1708 1969 1956 2027 affectum
1995 1969 2486 2040 benevolentiaeque
2507 1985 2729 2041 operum
2756 1971 3061 2042 expressit?
3093 1992 3113 2025 ι
3145 1973 3287 2042 apud
3317 1974 3584 2029 Aelredum
3604 1991 3658 2030 eo
3681 1987 3790 2046 pacto

592 2067 823 2137 positum
848 2072 952 2132 est,
980 2073 1039 2120 ut
1066 2063 1416 2119 interlocutor
1441 2063 1604 2128 dicat,
1651 2081 1670 2115 ι
1701 2061 1987 2118 Charitatis
2012 2062 2096 2117 vel
2126 2061 2515 2117 benevolentiae
2549 2062 2765 2118 nomine
2792 2062 2920 2134 quid
2949 2063 3196 2120 ethnicus
3239 2064 3334 2121 ille
3361 2065 3633 2136 significare
3657 2069 3788 2135 voluit,

596 2175 616 2211 ι
651 2172 758 2212 non
797 2154 985 2224 video;
1021 2175 1042 2209 ι
1075 2164 1184 2211 tum
1225 2153 1486 2211 Aelredus
1525 2155 1640 2225 ipse
1673 2153 2030 2224 respondeat,
2081 2171 2099 2205 ι
2131 2154 2295 2209 Forte
2323 2155 2538 2209 nomine
2566 2153 2842 2209 charitatis
2863 2197 2878 2221 ,
2927 2157 3121 2212 mentis
3159 2157 3452 2224 affectum;
3494 2161 3791 2216 benevolentia

593 2269 615 2305 ι
650 2263 800 2316 vero,
832 2249 1011 2320 operis
1037 2249 1300 2320 expressit
1325 2248 1593 2303 eﬂ'ectum.
1630 2267 1650 2301 ι
1685 2247 1755 2302 Et
1774 2247 1827 2302 in
1851 2247 2026 2316 capite
2051 2254 2241 2318 quarto
2265 2246 2419 2329 illud,
2456 2265 2474 2299 ι
2502 2247 2604 2303 Sed
2629 2247 2778 2302 multi
2803 2248 3094 2304 abutuntur
3114 2251 3398 2321 sapientia,
3429 2272 3447 2305 ι
3480 2251 3598 2308 adeo
3621 2255 3789 2308 alienum

587 2353 670 2404 est
692 2345 761 2402 ab
779 2344 995 2401 Aelredi
1025 2343 1290 2412 doctrina,
1325 2351 1381 2398 ttt
1406 2345 1522 2413 ipse
1551 2348 1758 2406 contra,
1807 2340 2011 2396 nullum
2051 2340 2313 2411 sapientia
2355 2340 2533 2407 abuti,
2576 2340 2776 2396 diserte
2803 2356 2866 2397 ac
2893 2342 3149 2412 praeclare
3194 2344 3401 2414 probet.
3432 2344 3599 2400 Melius
3620 2345 3788 2400 Aelredo

586 2452 718 2494 usus
744 2445 830 2494 est
853 2436 1021 2507 ipsius
1049 2450 1214 2508 pr0pe
1247 2434 1465 2507 aequalis
1489 2434 1680 2491 Petrus
1705 2433 1995 2499 Blesensis,
2029 2433 2083 2488 in
2109 2448 2210 2489 suo
2238 2432 2306 2488 de
2337 2433 2582 2488 Amicitia
2609 2433 2898 2489 christiana
2927 2445 3179 2505 tractatu,
3209 2438 3302 2508 qui
3329 2436 3622 2495 Cassiodoro
3639 2439 3786 2494 adscri-

585 2542 708 2605 ptus
733 2532 1019 2604 aliquando
1039 2532 1154 2588 fuit.
1186 2531 1242 2586 In
1276 2531 1417 2587 hunc
1441 2530 1529 2586 ille
1555 2537 1839 2585 tractatum
1867 2527 2138 2584 transtulit
2165 2543 2233 2584 ex
2261 2527 2474 2583 Aelredi
2502 2527 2650 2583 libris
2676 2543 2782 2583 non
2809 2543 2998 2598 pauca,
3029 2531 3193 2587 tacito
3214 2532 3427 2602 quidem
3451 2533 3597 2603 ipsius
3616 2534 3785 2599 nomine,

583 2626 683 2683 sed
710 2634 889 2683 tamen
919 2626 1185 2682 luculenta
1227 2626 1281 2680 in
1308 2625 1535 2695 Prologo
1568 2623 1934 2678 admonitione
1971 2621 2252 2677 consilium
2282 2619 2586 2691 factumque
2625 2636 2780 2676 suum
2811 2622 3080 2692 professus
3104 2623 3192 2679 his
3219 2625 3397 2681 verbis
3421 2642 3434 2679 :
3467 2646 3485 2679 ι
3518 2627 3583 2686 De
3607 2627 3784 2688 diversis,

591 2738 611 2773 ι
645 2721 833 2792 inquit,
861 2720 1212 2791 scriptoribus
1237 2718 1390 2790 quasi
1423 2717 1584 2774 ﬂores
1609 2717 1904 2786 excipiens,
1932 2725 1992 2770 ut
2017 2713 2379 2770 melliﬁcarem
2407 2713 2538 2769 mihi
2559 2754 2574 2778 ,
2612 2715 2845 2785 plurium
2875 2725 2980 2772 tam
3003 2726 3270 2784 veterum,
3305 2736 3461 2792 quam
3489 2721 3782 2776 modernorum

592 2831 612 2865 ι
645 2813 938 2869 sententias
959 2812 1028 2869 de
1056 2811 1290 2867 amicitia
1315 2819 1369 2867 et
1397 2810 1686 2866 dilectione
1712 2809 1809 2865 Dei
1831 2823 1894 2864 ac
1926 2807 2152 2878 proximi
2183 2807 2238 2862 in
2260 2823 2423 2863 unum
2451 2807 2846 2878 compendiosa).
2880 2809 3124 2867 lectionis
3155 2815 3484 2870 involucrum
3511 2815 3741 2869 coarciavi.
3769 2833 3779 2863 l

583 2905 770 2977 Neque
794 2907 1005 2962 silentio
1033 2905 1462 2977 praetereundum
1493 2913 1610 2972 est,
1639 2904 1814 2960 locum
1857 2917 1890 2957 a
1927 2901 2088 2956 Petro
2130 2901 2366 2958 Blesensi
2404 2901 2618 2957 laudato
2647 2903 2958 2958 nominatim
2990 2905 3291 2975 Augustino
3327 2909 3534 2962 citatum
3570 2908 3613 2961 in
3636 2923 3724 2976 cap.
3743 2906 3778 2968 8,

585 3014 696 3054 non
721 2999 1096 3070 subsequentis
1124 2999 1244 3054 libri
1271 2998 1340 3054 de
1382 2997 1628 3054 Amicitia
1647 3039 1664 3064 ,
1695 2996 1770 3051 uti
1797 2994 1865 3050 ad
1891 3010 2040 3050 oram
2067 2993 2186 3050 libri
2217 2993 2270 3049 in
2302 2994 2444 3050 Petri
2483 2993 2752 3051 Blesensis
2780 3005 3052 3068 postrema
3082 2999 3322 3057 editione
3346 3002 3479 3057 male
3504 3010 3694 3065 notatur,
3717 2999 3780 3053 sed

586 3107 709 3149 esse
743 3092 864 3148 libri
902 3092 1079 3164 quarti
1103 3091 1531 3156 Confessionum,
1558 3104 1677 3161 cap.
1709 3089 1764 3144 8.
1789 3081 2126 3145 Contulimus
2151 3086 2357 3159 singula
2391 3086 2552 3143 verba
2588 3101 2713 3144 cum
2738 3089 2988 3160 genuinis
3012 3105 3077 3147 ac
3112 3092 3342 3150 sinceris
3370 3093 3570 3149 Aelredi
3595 3091 3725 3156 libris,
3744 3099 3777 3144 et

587 3184 677 3240 ubi
703 3184 901 3256 aliquid
930 3193 1191 3241 mutatum
1216 3193 1308 3241 aut
1327 3184 1696 3256 depravatum,
1718 3190 1976 3238 annotare
2003 3181 2311 3252 sategimus.

1666 3408 1912 3536 DE
1960 3403 2781 3540 AMICITIA

1746 3609 2224 3720 LIBER
2281 3612 2485 3721 UN
2499 3615 2707 3723 US.

2001 3793 2476 3851 W

655 3907 880 3967 CAPUT
929 3905 1210 3964 PRIMUM.
1266 3904 1408 3961 Libri
1461 3907 1614 3979 hujus
1656 3906 1902 3963 scribendi
1952 3909 2171 3967 occasio.

1315 3915 1415 3994 tori
1461 3915 1614 3994 {iuius
1656 3915 1902 3994 scribendi
1952 3915 2171 3967 occasio.
2279 3915 2430 3994 mihi,
2455 3916 2682 3994 Tullium
2711 3933 2852 3994 vera:
2875 3920 3127 3994 amicitias,
3149 3923 3419 3994 ignorasse
3443 3924 3670 3986 virtutem,
3687 3933 3771 3975 cum

583 3983 715 4038 Cum
745 3995 919 4036 essein
945 3979 1119 4033 adhuc
1148 3994 1276 4048 puer
1314 3979 1369 4033 in
1403 3978 1627 4045 schOlis,
1658 3987 1715 4034 et
1741 3980 2009 4034 sociorum
2035 3996 2176 4036 meo-

2279 3986 2395 4066 ejus
2424 3988 2742 4066 principium
2783 3990 3055 4066 finemque
3095 3986 3366 4051 Chi-istum
3403 3996 3590 4066 penitus
3619 3994 3772 4066 ignorit-

583 4069 703 4110 rum
747 4066 832 4107 me
873 4050 1045 4120 gratia
1073 4049 1358 4119 plurimum
1397 4049 1708 4116 delectaret,
1750 4050 1889 4106 inter
1912 4066 2091 4106 mores
2121 4063 2176 4108 et

581 4125 710 4181 vitia
735 4123 926 4193 quibus
969 4121 1060 4193 illa
1090 4128 1220 4193 aetas
1249 4120 1535 4193 periclitari
1574 4121 1734 4193 solet,
1769 4131 1877 4193 tota
1923 4137 1983 4177 se
2021 4137 2175 4179 mens

582 4210 704 4252 mea
753 4190 901 4248 dedit
937 4190 1170 4254 all‘ectui,
1223 4199 1276 4246 et
1317 4190 1530 4247 devovit
1571 4192 1741 4246 amori
1771 4209 1784 4244 :
1810 4192 1882 4246 ita
1930 4203 1988 4247 ut
2041 4193 2174 4248 nihil

584 4265 716 4322 mihi
762 4263 990 4328 dulcius,
1041 4261 1177 4333 nihil
1219 4261 1526 4332 jucundius,
1577 4262 1711 4316 nihil
1759 4263 1962 4328 utilius,
2012 4279 2173 4333 quam

584 4334 753 4393 amari
775 4343 829 4390 et
853 4347 1035 4388 amare
1061 4331 1350 4403 videretur.
1383 4333 1564 4403 Itaque
1585 4333 1724 4386 inter
1749 4333 1990 4388 diversos
2019 4331 2172 4390 amo-

585 4423 673 4464 res
719 4415 773 4461 et
821 4403 1080 4458 amicitias
1123 4400 1408 4468 ﬂuctuans,
1456 4400 1758 4472 rapiebatur
1809 4405 2020 4458 animus
2070 4405 2174 4462 huc

583 4488 745 4548 atque
792 4475 918 4548 illuc
932 4488 948 4538 ;
995 4481 1050 4548 et
1089 4487 1238 4548 verte
1261 4473 1706 4548 amicitiglegem
1751 4473 2034 4548 ignorans,
2054 4475 2172 4548 ejus

584 4541 728 4620 saepe
763 4543 1113 4620 similitudine
1149 4541 1451 4620 fallebatur.
1474 4541 1717 4620 Iaudem
1760 4541 1908 4620 venit
1944 4541 2173 4620 mihi'in

583 4613 774 4675 tna'nus
812 4617 946 4673 liber
988 4629 1145 4686 quem
1174 4613 1242 4670 de
1276 4614 1521 4686 Amicitia
1566 4613 1769 4686 Tullius
1806 4614 2039 4686 scripsit,
2082 4618 2174 4686 qui

583 4691 764 4745 statim
794 4687 925 4743 mihi
968 4685 1020 4742 et
1059 4685 1440 4740 sententiarum
1467 4685 1739 4756 gravitate
1772 4685 1937 4750 utilis,
1967 4695 2023 4742 et
2060 4685 2173 4741 elo-

585 4761 817 4829 quentiae
859 4757 1122 4813 suavitate
1147 4755 1318 4811 dulcis
1342 4755 1651 4829 apparebat.
1674 4755 1770 4829 _Et
1807 4755 1930 4812 licet
1971 4771 2070 4812 nec
2099 4757 2171 4829 ad

587 4825 715 4885 illud
744 4829 990 4884 amicitia:
1029 4843 1198 4900 genus
1238 4843 1324 4883 me
1349 4826 1596 4900 videbam
1638 4825 1909 4900 idoneum,
1937 4828 2172 4898 gratula-

585 4900 682 4956 bar
724 4908 899 4970 tamen
943 4897 1239 4970 quamdam,
1268 4897 1643 4970 me_amiciti;e
1685 4897 1967 4970 formulam
2006 4913 2171 4970 repe-

585 4971 741 5036 risse,
785 4969 851 5024 ad
879 4967 1038 5036 quam
1082 4969 1244 5024 animi
1281 4968 1417 5023 mei‘
1456 4978 1512 5024 et
1552 4967 1893 5024 affectionum
1935 4967 2170 5026 valerem

585 5054 843 5097 revocare
864 5037 1161 5110 discursus.
1201 5037 1334 5094 Cum
1371 5053 1502 5095 vero
1539 5040 1734 5110 placuit
1773 5039 1914 5094 bono
1945 5040 2170 5096 Domino

584 5129 708 5167 meo
736 5109 1004 5180 corrigere
1037 5109 1269 5176 devium,
1313 5110 1503 5166 elisum
1530 5109 1756 5179 erigere,
1799 5109 1998 5166 salubri
2041 5125 2171 5166 con-

587 5192 731 5238 tactu
769 5179 1025 5235 mundare
1047 5179 1347 5261 leprosum,
1377 5182 1561 5261 relicta
1598 5196 1700 5261 spe
1729 5181 1930 5261 saeculi,
1960 5182 2168 5261 ingres-

583 5269 675 5309 sus
705 5267 824 5309 sum
849 5251 1228 5322 monasterium
1255 5259 1356 5322 :Aet
1391 5252 1570 5322 statim
1598 5251 1836 5322 legendis
1862 5251 2031 5307 sacris
2053 5253 2168 5308 Lit-

584 5327 713 5381 teris
764 5337 983 5394 operam
1035 5320 1154 5377 dedi
1175 5362 1206 5394 ,_
1243 5320 1329 5394 ubi
1371 5320 1682 5394 melliiluum
1731 5323 1928 5394 Christi
1975 5339 2169 5380 nomen

585 5411 762 5478 meum
801 5391 906 5478 sibi
949 5400 1116 5448 totum
1156 5391 1450 5474 vindicavit
1489 5391 1733 5447 affectum
1761 5392 1840 5518 fa)
1868 5395 1982 5476 :.ita
2025 5395 2167 5467 quod

589 5467 718 5518 mhll
745 5465 889 5518 aliud
918 5472 1094 5518 ootest
1121 5463 1252 5518 mtht
1279 5462 1520 5518 saotdum
1547 5477 1667 5517 esse
1692 5478 1759 5518 ve
1805 5463 2056 5518 lucidum.

589 5467 718 5523 nihil
745 5465 889 5520 aliud
918 5472 1094 5534 potest
1121 5463 1252 5518 mihi
1279 5462 1520 5534 sapidum
1547 5477 1667 5534 esse
1692 5462 1781 5520 vel
1805 5462 2056 5520 lucidum;

653 5481 718 5522 [ιιι
745 5481 889 5520 attua
953 5481 1094 5522 OleSl
1121 5481 1252 5518 ωιιιι
1279 5481 1520 5534 sapidum
1547 5481 1667 5517 esse
1692 5481 1778 5520 Vel
1805 5481 2056 5520 tuetaum.

653 5535 882 5596 CAPUT
918 5481 988 5593 ῗι.
1039 5533 1183 5591 Inter
1219 5549 1344 5606 quos
1384 5534 1451 5590 sit
1491 5533 1717 5591 anticitia
1758 5551 1896 5592 vera.
1947 5535 2167 5593 Constat

647 5717 667 5780 ξ
700 5715 836 5780 Apud
856 5716 1131 5777 Aelredum,
1154 5727 1374 5780 manu

644 5775 851 5843 (aliaue
886 5791 1043 5843 usque
1065 5775 1128 5843 ex
1155 5779 1354 5843 prologo
1392 5777 1616 5840 Aelredi;
1653 5775 1887 5838 deinceps
1922 5788 2081 5840 usque
2104 5777 2163 5828 ad

582 5839 764 5904 (τιμε,
797 5851 862 5890 ex
883 5839 1040 5902 primo
1058 5839 1169 5902 ejus
1187 5839 1328 5892 libro.

2278 4058 2458 4137 verit:
2489 4061 2579 4137 qui
2605 4058 2706 4116 est
2748 4061 2927 4137 alphaA
2945 4058 3245 4137 c__t_omqa,
3297 4058 3585 4137 principium
3617 4058 3660 4118 et
3691 4061 3771 4137 linis

2281 4129 2521 4201 omnium
2564 4129 2848 4186 bonorum.
2893 4131 3029 4201 Quid
3067 4129 3659 4192 est'ami'citiai'Tullius
3688 4132 3766 4184 ait:

2278 4198 2512 4253 Amicitia
2541 4211 2613 4255 est
2641 4219 2807 4256 rerum
2833 4198 3168 4260 humanarum
3198 4218 3244 4261 et
3267 4209 3533 4262 diuinarum
3558 4221 3650 4259 cum
3671 4203 3767 4255 bene-

2276 4270 2493 4349 volentia
2509 4282 2564 4349 _et
2589 4273 2834 4349 cllaritate
2857 4291 3146 4349 consensus.
3170 4278 3300 4344 Quis
3323 4279 3439 4334 huic
3463 4277 3618 4349 gentili
3638 4275 3763 4327 fortem

2277 4340 2555 4422 charitatis
2581 4343 2848 4412 affectum,
2877 4340 3366 4422 benevolentiaeque
3392 4340 3760 4422 opErumexpres-

2278 4412 2383 4491 sit_?
2407 4412 2510 4491 Sed
2541 4413 2808 4491 lLazcvera
2847 4419 3077 4491 amicitia
3119 4435 3226 4474 non
3257 4412 3757 4491 potest-esscinka

2277 4483 2380 4559 qui
2412 4484 2770 4559 sineHChristo
2798 4496 2953 4559 sunt.
3005 4489 3086 4544 Ab
3114 4483 3319 4559 amore,
3364 4500 3419 4546 tit
3457 4489 3572 4546 mihi
3599 4485 3758 4559 videtur,

2276 4553 2478 4635 amicus
2504 4555 2739 4637 dicitur“:
2761 4557 2830 4612 ab
2834 4557 3044 4637 amico,
3066 4553 3317 4618 amicitia;
3348 4562 3438 4637 Est
3458 4575 3592 4637 amor
3609 4555 3758 4637 quidam

2275 4624 2468 4705 anima:
2491 4627 2768 4705 rationalis
2795 4624 3162 4705 aﬂ‘ectus,gper
3182 4649 3337 4705 quem
3367 4634 3470 4705 ipsa
3501 4624 3663 4698 aliquid
3678 4636 3757 4677 cum

2275 4693 2542 4776 desiderio
2565 4698 2755 4766 quierit
2796 4708 2850 4754 et
2887 4693 3090 4776 appetit
3128 4693 3522 4776 adg'frueudum‘:
3549 4693 3624 4776 per
3651 4706 3760 4776 qu?”

2275 4773 2342 4846 et.
2355 4763 2548 4846 fruitur
2574 4763 2640 4822 eo
2665 4783 2786 4824 cum
2807 4763 3036 4846 quadam
3063 4775 3318 4830 suavitate
3355 4763 3586 4846 interiori.
3611 4763 3758 4839 ample:

2275 4842 2440 4913 ctitur
2483 4845 2538 4893 et
2568 4849 2873 4913 conservat
2919 4842 3190 4913 adeptum.
3244 4846 3405 4900 Porro
3449 4843 3623 4898 amicus
3651 4847 3756 4913 qua?!

2275 4909 2473 4964 amoris
2499 4909 2583 4964 vel
2611 4909 2963 4985 ipsius_animi
2987 4909 3166 4971 custos
3185 4916 3370 4972 dicitur
3392 4933 3405 4970 ε
3430 4913 3642 4985 quoniam
3664 4909 3753 4959 auti-

2274 4991 2396 5032 cum
2420 4995 2597 5034 meum
2628 4983 2826 5056 amoris
2855 4986 3043 5050 mutui,
3072 4987 3156 5042 vel
3183 4987 3343 5056 ipsius
3362 4982 3507 5040 aniini
3536 4982 3619 5056 iugi
3642 4987 3756 5056 (Ψον-

2275 5056 2352 5126 tet
2373 5065 2494 5105 esse
2521 5052 2816 5126 custodem,
2835 5063 2908 5126 ut
2931 5058 3110 5112 omnia
3137 5050 3252 5126 ejus
3279 5068 3468 5112 secreta
3497 5050 3617 5126 ﬁdeli
3637 5050 3754 5122 sileri.

2274 5119 2350 5194 tio
2378 5131 2586 5184 servet;
2628 5119 2883 5194 quidquid
2932 5126 2981 5180 in
3026 5143 3092 5183 eo
3124 5119 3363 5184 vitiosum
3397 5125 3580 5187 viderit,
3611 5131 3685 5194 pr?
3705 5119 3754 5194 Vl'

2273 5185 2928 5280 ribujs‘caveat'et‘dleleat
2946 5198 2998 5280 *A;
3027 5199 3114 5253 cui
3143 5209 3196 5280 et
3226 5198 3458 5269 gaudenti
3484 5185 3755 5280 cott'géudfg‘;

2273 5270 2327 5316 et
2367 5261 2568 5318 dolenti
2607 5265 2907 5331 condoleat,
2935 5276 2990 5323 et
3016 5271 3194 5324 omnia
3219 5261 3307 5325 sua
3334 5261 3636 5324 consentiant.
3660 5270 3733 5331 qui.

2277 5333 2432 5412 amici
2447 5344 2606 5412 __5t_mt
2627 5375 2639 5389 .
2669 5324 2911 5412 Amicitia
2933 5339 3107 5412 igitur
3125 5324 3234 5412 ipsa
3264 5342 3534 5412 virtusgcst,
3560 5343 3655 5412 qua}
3671 5324 3756 5412 iiiis

2273 5403 2566 5460 dulcedinis
2582 5422 2648 5482 ac
2675 5398 2988 5482 dilectionis
3007 5398 3208 5468 taede're
3232 5413 3326 5482 ipsi
3347 5409 3501 5464 amico
3517 5398 3748 5482 δοῡῑιιέξιέἷξ

2275 5485 2332 5531 ut
2370 5492 2531 5532 unum
2572 5478 2663 5533 liat
2714 5477 2781 5534 de
2823 5474 3066 5550 pluribus
3081 5483 3123 5537 ³.
3169 5474 3312 5539 Unde
3348 5484 3497 5552 ipsam
3534 5474 3752 5529 amicitiam

2335 5588 2355 5661 ξ
2387 5589 2521 5661 Apin!
2542 5589 2818 5661 Aelreti'um,
2842 5598 2978 5661 curet
2999 5599 3047 5644 et
3060 5593 3244 5661 toleret.
3443 5651 3469 5661 J

2334 5652 2356 5715 ξ
2387 5652 2518 5715 Apud
2540 5653 2818 5715 Aelredum,
2857 5660 2904 5705 et
2941 5655 3102 5706 ariusia
3129 5670 3215 5708 sua
3244 5668 3341 5707 esse
3359 5652 3508 5706 sentin!
3525 5656 3624 5715 ωε·

2336 5713 2358 5746 ³
2387 5703 2517 5778 Apud
2539 5703 2817 5788 Aelredum;
2828 5703 2926 5770 cita
3226 5703 3483 5783 War
3495 5703 3703 5774 αἰθερία

2270 5786 2420 5826 unum
2441 5777 2503 5828 de
2522 5775 2753 5840 pluribus.
