3834 6276
32 306 125 366 335
1358 302 1559 358 LIBER
1601 301 1687 358 DE
1728 300 2048 359 AMICITIA.

28 444 123 487 non
149 427 298 482 inter
325 424 586 482 fortuita
626 426 706 481 vel
736 424 951 491 caduca,
980 424 1074 480 sed
1107 424 1243 479 inter
1266 424 1408 494 ipsas
1433 425 1657 479 virtutes

30 518 138 571 qua:
161 509 396 571 aeterna:
420 508 596 571 sunt,
633 499 787 571 etiam
816 495 996 571 mundi
1028 495 1512 571 hujusphilqsttophi
1540 495 1656 551 col-

29 564 283 628 locarunt.
329 568 506 624 Unde
558 569 821 625 Salomon
865 570 915 623 in
963 564 1283 630 Proverbiis,
1331 564 1484 621 Omni
1528 576 1657 621 tem-

30 659 139 723 pore
164 640 345 711 diligit
370 641 476 710 qui
503 643 717 723 amicus
745 649 815 695 est
842 636 1023 723 (Prov.
1052 635 1308 723 mihi?)
1335 655 1359 723 εΔ
1377 638 1659 723 manifeste

31 709 301 768 declarans
331 709 469 766 eam
502 722 797 777 aeternam,
825 709 870 765 si
900 726 1022 766 vera
1062 720 1161 766 est.
1192 709 1247 765 Si
1274 709 1452 765 autem
1485 709 1658 765 desie-

29 788 106 847 rit,
140 799 433 851 nunquam
482 798 632 838 vera
661 782 775 837 fuit.
810 780 921 837 Hoc
947 782 1069 837 volo
1102 790 1154 837 te
1196 784 1354 847 scire,
1387 796 1656 850 nunquam

20 857 182 930 aluisse
218 854 506 930 amicum.
568 855 666 924 qui
708 853 848 908 laesit
891 868 1011 909 eum
1059 867 1220 930 quem
1268 852 1322 907 in
1369 852 1656 930 amicitiam

31 926 183 981 semel
212 925 439 995 recepit
468 942 485 978 :
522 923 638 979 nec
659 940 781 980 eum
815 940 956 979 verae
985 923 1232 978 amicitia:
1254 931 1495 995 gustasse
1521 923 1657 979 deli-
1701 954 1709 961 ι

28 999 149 1062 cias,
178 996 272 1065 qui
297 994 390 1051 vel
419 996 619 1050 laesus
637 995 795 1051 desiit
818 995 1039 1066 diligere
1058 1010 1216 1064 quem
1244 994 1412 1050 semel
1433 995 1652 1066 amavit.

30 1067 126 1149 Sed
150 1068 195 1122 si
225 1075 538 1149 arguatur,
595 1068 640 1122 si
672 1066 913 1149 tradatur
946 1065 1197 1148 flammis,
1221 1066 1267 1120 si
1282 1065 1653 1149 Acr-uci‘afliga:

33 1148 125 1203 tur,
157 1135 314 1193 omni
344 1144 631 1207 tempore
668 1137 838 1207 diligit
874 1137 961 1207 qui
990 1137 1193 1191 amicus
1215 1145 1318 1191 est.
1348 1135 1500 1192 Unde
1529 1135 1659 1193 dicit

36 1210 436 1280 Hieronymus:
466 1208 729 1280 Amicitia
758 1224 879 1280 ante
918 1207 1142 1280 desinere
1182 1216 1362 1277 potest,
1402 1224 1659 1278 nunquam

40 1298 139 1335 rem
189 1278 291 1351 fuit
311 1321 329 1344 ,
407 1295 545 1351 cum
616 1279 851 1351 amicitia:
907 1278 1143 1351 deberent
1198 1295 1304 1351 esse
1349 1280 1658 1351 immortales

39 1348 210 1423 (Epist.
230 1352 338 1423 7M,
364 1350 444 1403 ad
471 1349 733 1423 Ruﬁn.)
764 1349 895 1405 Cum
927 1358 1065 1423 tanta.
1102 1349 1173 1423 sit
1195 1348 1247 1423 in
1272 1350 1502 1423 amicitia
1533 1366 1657 1407 vera

42 1419 320 1494 perfectio,
345 1436 468 1474 non
499 1419 602 1494 est
639 1422 832 1494 mirum
861 1420 1003 1491 quod
1047 1420 1166 1494 r_ari_
1192 1419 1389 1494 fuerint
1418 1421 1497 1494 hi,
1522 1436 1657 1492 quos

44 1490 181 1548 'vetos
215 1492 439 1548 amicos
474 1492 783 1560 antiquitas
798 1491 1213 1547 commendavit.
1244 1509 1264 1543 ‹
1285 1490 1383 1545 Vix
1419 1490 1572 1559 enini,
1601 1502 1657 1546 ut

43 1568 99 1617 ait
120 1564 343 1628 Tullius,
381 1564 496 1616 tria
524 1563 615 1618 uel
640 1574 853 1633 quatuor
874 1564 1151 1616 amicorum
1182 1563 1327 1633 paria
1351 1563 1403 1633 in
1432 1572 1657 1633 totretro

50 1634 222 1689 seculis
244 1639 397 1707 fama
412 1632 1019 1707 concelebrati(Lib.ide
1040 1631 1201 1687 Amic)
1230 1632 1402 1705 72.15).
1430 1631 1655 1705 «Magna

48 1724 111 1760 res
134 1716 222 1771 est,
247 1705 333 1759 ἀεὶ
357 1705 620 1773 quidam,
648 1714 696 1759 et
721 1707 871 1758 etiam
887 1706 904 1736 ¹
932 1706 1040 1775 ipse
1058 1714 1266 1758 conatus
1287 1722 1497 1775 magnus
1523 1716 1648 1762 est.)

48 1776 178 1832 Unde
215 1776 491 1831 virtuosae
541 1776 744 1831 mentis
770 1786 852 1831 est
890 1776 1135 1831 sublimia
1177 1791 1392 1845 semper
1415 1785 1469 1831 et
1492 1777 1656 1836 ardua

52 1848 294 1911 meditari,
329 1857 394 1902 ut
420 1847 773 1920 adipiscatur
797 1856 998 1917 optata,
1025 1846 1110 1901 vel
1142 1846 1656 1920 lucidiusiutelligat

52 1930 94 1973 et
119 1928 411 1990 cognoscat
440 1918 696 1989 optanda
722 1936 733 1972 :
766 1933 886 1973 cum
915 1935 1020 1973 non
1050 1934 1235 1990 parum
1249 1918 1556 1990 credendus
1576 1918 1655 1974 'sit

50 1986 345 2061 profeeisse,
388 1986 502 2061 qui
528 1990 747 2061 virtutis
773 1986 1074 2061 cognitione
1100 1986 1283 2043 didicit
1315 2005 1471 2057 quam
1500 1991 1655 2061 longe

54 2060 160 2116 Sita
190 2060 415 2117 virtute.
454 2060 662 2115 Nonne
696 2060 923 2131 Pylades
970 2070 1025 2115 et
1064 2061 1284 2115 Orestes
1330 2061 1497 2129 parati
1543 2060 1655 2116 fue-

53 2142 159 2185 runt
194 2147 289 2201 pro
332 2133 591 2187 invicem
641 2131 809 2185 mori?
844 2131 950 2186 Sed
998 2131 1183 2199 majori
1214 2132 1424 2185 virtutis
1469 2147 1653 2187 amore

57 2200 307 2271 pollebant
347 2203 424 2259 de
468 2203 680 2273 quibus
710 2201 900 2270 legitur
931 2221 942 2255 :
975 2200 1323 2273 Multitudinis
1345 2202 1653 2256 credentium

59 2285 149 2327 erat
176 2291 258 2329 car
287 2271 503 2337 unum,
536 2284 590 2328 et
613 2272 802 2346 anima
827 2290 937 2346 una
965 2271 1099 2346 (Act.
1130 2289 1202 2339 tv,
1244 2272 1357 2344 52).
1391 2274 1459 2327 Et
1485 2274 1653 2329 sancti

59 2355 296 2417 martyres
318 2360 423 2415 pro
455 2345 727 2400 fratribus
751 2344 961 2417 animas
978 2344 1290 2417 posuerunt,
1320 2360 1445 2417 noui
1460 2360 1650 2417 peper-

65 2414 227 2470 cerunt
248 2414 569 2483 laboribus,
622 2430 727 2470 non
754 2415 996 2484 corporis
1025 2416 1366 2471 cruciatibus.
1415 2414 1519 2470 Sed
1550 2417 1652 2470 mi-

65 2501 159 2541 tum
196 2504 300 2542 non
344 2498 435 2542 est
485 2486 853 2559 quodmnlto
903 2487 1083 2559 plures
1127 2487 1332 2559 gremio
1370 2486 1653 2559 Acharitatis

65 2573 196 2626 quam
220 2560 483 2614 amicitias
512 2557 859 2625 amplexibus
897 2557 1237 2625 recipiendos
1275 2557 1451 2611 divina
1479 2559 1654 2613 sanxit

70 2630 350 2696 auctoritas,
384 2646 517 2700 quae
562 2644 677 2684 non
701 2630 871 2683 solum
903 2628 1123 2700 amicos,
1153 2627 1247 2682 sed
1282 2630 1443 2700 etiam
1478 2628 1654 2682 inimi-

69 2714 140 2753 cos
165 2697 441 2756 charitatis
473 2702 605 2772 lege
630 2700 1000 2772 complectitur
1027 2697 1241 2768 (Matth.
1274 2714 1327 2763 v,
1359 2699 1472 2771 44).
1507 2700 1654 2772 Ami-

72 2784 145 2825 cos
165 2773 300 2827 solos
330 2773 459 2827 illos
488 2771 751 2837 dicimus,
790 2771 983 2841 quibus
1006 2785 1101 2824 cor
1128 2780 1389 2835 nostrum,
1420 2781 1474 2825 et
1501 2771 1653 2839 quid-

74 2841 175 2909 quid
218 2844 269 2897 in
314 2844 411 2898 illo
456 2851 572 2905 est,
624 2843 960 2897 committere
993 2857 1096 2895 non
1138 2841 1502 2903 formidamus,
1550 2842 1652 2897 illis

77 2912 282 2967 vicissim
314 2915 479 2971 nobis
506 2913 704 2969 eadem
734 2912 855 2967 fidei
889 2912 1004 2983 lege
1030 2921 1084 2967 et
1111 2913 1395 2967 securitate
1421 2914 1652 2967 constri-

80 2983 173 3037 etis.
209 2984 364 3040 Falso
406 3001 551 3055 ergo
602 2984 916 3054 praeclarum
967 2997 1160 3038 nomen
1201 2984 1448 3039 amicitias
1498 2998 1652 3038 assu—

78 3064 216 3127 munt,
247 3057 385 3111 inter
413 3072 564 3127 quos
587 3064 669 3110 est
692 3055 1064 3127 convenientia
1084 3055 1334 3109 vitiorum
1362 3074 1373 3108 :
1402 3055 1651 3127 quoniam

79 3126 147 3192 qui
173 3141 267 3181 non
296 3125 466 3187 amat,
504 3126 721 3181 amicus
751 3141 854 3180 non
891 3133 991 3179 est.
1024 3125 1136 3179 Non
1178 3135 1352 3181 autem
1381 3134 1524 3179 amat
1552 3125 1653 3180 ho-

83 3196 271 3263 minem,
302 3199 392 3267 qui
438 3198 627 3268 diligit
674 3197 1004 3267 iniquitatem
1034 3214 1047 3250 :
1077 3204 1131 3251 et
1175 3195 1260 3250 hic
1283 3197 1397 3268 _odit
1424 3197 1653 3268 animam

82 3280 222 3331 suam,
264 3279 319 3323 et
358 3266 600 3324 alterius
629 3266 810 3322 amare
861 3283 963 3322 non
1010 3268 1223 3336 poterit.
1267 3266 1398 3321 Cum
1433 3282 1559 3321 vero
1599 3267 1652 3321 iu

84 3337 155 3411 tali
178 3340 425 3411 amicitia,
458 3356 632 3411 quam
656 3340 741 3393 vel
776 3338 940 3395 libido
960 3338 1333 3403 commaculat,
1364 3338 1447 3411 vel
1477 3339 1653 3392 avari-

86 3406 140 3479 tia
179 3408 350 3476 ftedat,
402 3406 492 3465 vel
526 3412 761 3465 incestat
800 3411 1029 3472 luxuria,
1053 3418 1197 3463 tanta
1239 3419 1291 3463 et
1335 3409 1453 3463 talis
1493 3424 1657 3479 expe-

86 3478 221 3551 riatur
244 3481 506 3547 dulcedo;
557 3483 687 3537 libet
717 3482 983 3551 conjicere
1011 3489 1263 3551 quantum
1308 3479 1499 3534 habeat
1533 3478 1657 3534 sna-

88 3549 236 3624 vitatis
269 3551 357 3606 illa
384 3596 399 3617 ,
445 3570 578 3624 quae
625 3549 827 3623 quanto
860 3549 1133 3624 honestior
1159 3560 1441 3624 est,7tanto
1470 3561 1553 3606 est
1602 3560 1656 3606 et

90 3622 325 3697 securior;
373 3622 609 3697 quanto
638 3622 853 3697 castior,
898 3632 1047 3677 tanto
1090 3622 1408 3693 jucundior;
1455 3632 1657 3692 quanto

91 3687 287 3756 liberior,
314 3687 469 3748 tanto
495 3705 559 3751 et
586 3693 809 3749 felicior.

118 3762 349 3841 [CA-_PUT
378 3765 468 3821 lll.
503 3766 746 3841 Amicitia
764 3765 947 3841 triplex
962 3781 981 3819 :
994 3766 1232 3841 carnalis,
1255 3765 1543 3841 mundialis,
1561 3766 1659 3835 spi-

93 3834 256 3911 ritantia
274 3845 483 3911 etuera.
510 3834 958 3911 Amicitiaitaque
982 3836 1083 3890 alia
1099 3837 1344 3911 carnalis,
1378 3836 1478 3889 alia
1504 3834 1659 3890 mun-

94 3900 236 3970 dialis,
262 3907 364 3962 alia
406 3909 726 3979 spiritualis.
754 3900 1034 3963 Carnalem
1061 3918 1235 3979 creat;
1258 3900 1505 3961 vitiorum
1532 3921 1659 3979 con-

98 3985 252 4051 sensus
270 4018 285 4042 ,
301 3977 634 4035 mundialem
651 3993 774 4049 Spes
793 3987 1028 4051 qumstits
1044 3977 1311 4051 accendit:
1330 3978 1657 4051 spiritualem

98 4046 207 4117 inter
221 4046 382 4105 bonos
399 4052 550 4113 vitae,
567 4046 795 4115 morum,
810 4046 1214 4117 Stttdiorumtlue
1230 4048 1519 4103 similitudo
1532 4064 1661 4103 con-

102 4114 312 4179 glutinat.
356 4121 658 4178 Exordium
701 4114 928 4175 carnalis
971 4114 1218 4183 amicitiae
1268 4119 1335 4175 ab
1377 4118 1658 4176 affectione

101 4188 325 4268 procedit,
360 4208 483 4263 quse
514 4194 683 4268 instar
708 4190 1006 4247 meretricis
1044 4191 1303 4268 divaricat
1340 4191 1502 4259 pedes
1530 4204 1658 4247 suos

100 4260 217 4334 omni
243 4260 576 4334 _transeunti,
626 4277 855 4334 sequens
897 4271 1151 4334 auresﬂet
1186 4260 1372 4316 oculos
1412 4275 1537 4334 suos
1561 4276 1660 4332 per

105 4328 221 4382 varia
240 4328 597 4391 fornicantes’:
630 4328 724 4404 per
748 4348 971 4404 quorum
1001 4333 1175 4388 aditus
1198 4347 1367 4402 usque
1394 4331 1461 4404 ad
1488 4328 1657 4401 ipsam

106 4408 302 4475 mentem
339 4403 686 4475 pulchrorum
726 4403 1013 4475 cerporum
1042 4404 1126 4475 vel
1156 4403 1654 4475 rerumg‘voluptuo-

107 4479 255 4547 sarum
281 4472 503 4533 infertur
546 4478 740 4547 imago,
781 4472 973 4547 qitibus
1016 4474 1083 4530 ad
1111 4474 1316 4547 libitum
1345 4472 1469 4540 frui,
1500 4472 1652 4545 putat

112 4549 207 4614 tisse
240 4542 480 4613 beatum;
516 4548 611 4603 sed
645 4542 761 4602 sine
797 4542 964 4614 socio,
1014 4548 1189 4601 minus
1228 4542 1521 4601 existimat‘
1538 4561 1659 4602 esse

110 4616 381 4687 iucundum.
419 4618 573 4674 Tunc
612 4630 781 4685 motu,
812 4626 969 4684 nutu,
997 4617 1197 4683 verbis,
1227 4616 1500 4687 obsequiis
1544 4618 1660 4671 ani-

114 4691 211 4759 Inus
250 4685 311 4740 ab
357 4690 536 4745 animo
589 4690 923 4759 captivatur;
965 4698 1019 4744 et
1065 4685 1393 4744 accenditur‘
1414 4700 1552 4759 unus
1591 4688 1660 4745 ab

118 4747 875 4830 a[iubantcontermit'iantur'
908 4747 960 4813 in
991 4775 1174 4824 unum,
1206 4766 1268 4813 ut
1302 4758 1432 4814 inito
1457 4758 1659 4816 foedere

118 4826 389 4903 miserabili,
419 4832 675 4903 quidquid
704 4832 942 4903 sceleris,
974 4830 1231 4903 quidquid
1261 4830 1521 4903 sacrilegii
1551 4839 1655 4903 est,

123 4846 389 4896 miserant",
419 4846 675 4903 quiaquia
704 4846 942 4896 sceleris,
974 4846 1102 4900 quia
1142 4846 1231 4885 uia
1261 4846 1521 4900 sacruegn
1551 4846 1655 4898 εει,

123 4888 359 4973 ᾒὶιειχθεᾳι
383 4913 437 4957 et
462 4905 691 4973 patiatur
715 4917 812 4973 pro
838 4902 1010 4973 altero
1037 4846 1313 4972 :nilhilque
1338 4900 1439 4955 hac
1466 4900 1655 4973 amici-

84 4962 402 5043 .liandulcius
451 4962 795 5039 arbitrantur,
840 4973 929 5028 vel
963 4962 1464 5043 judicaut'justius,
1516 4972 1656 5029 idem

88 5046 91 5053 '
123 5031 231 5114 yelle
253 5047 301 5092 et
322 5041 455 5114 idem
483 5045 623 5101 nolle
651 5047 750 5100 sibi
776 5031 1143 5099 existimantes
1182 5031 1428 5100 amicitiae
1453 5031 1659 5114 legibus

129 5112 506 5193 ζιξιρεςδςξ.,Ηωο
532 5116 764 5193 amicitia
804 5130 902 5171 uec
929 5115 1316 5193 deliberatione
1343 5112 1654 5193 suscipitur,

130 5181 414 5257 ['ﬁcjudicio
457 5187 732 5257 probatur,
780 5202 880 5254 pec
913 5188 1114 5257 regitur
1148 5186 1392 5257 ratione;
1430 5181 1524 5241 sed
1566 5181 1657 5242 se;

130 5246 320 5329 Elimiam
345 5246 606 5329 _imp'etum
650 5246 944 5314 aﬂ‘eciiouis
974 5246 1084 5329 per
1126 5256 1334 5313 diversa
1372 5246 1653 5327 raptatur:

136 5323 217 5399 [19η
254 5323 449 5399 moduni
489 5345 727 5391 servans.
774 5344 880 5385 non
925 5323 1147 5385 honesta
1190 5323 1507 5399 procurans.
1549 5343 1657 5383 ηοη

135 5393 366 5474 ᾖδξιξωφμ
402 5398 797 5474 incommodave
822 5400 1163 5474 {prospiciens
1176 5393 1209 5466 ;'
1233 5398 1327 5474 sed
1372 5399 1437 5454 ad
1475 5393 1657 5455 Omnia

139 5463 484 5541 ξιζαξιξδὶὰθηιθ,
514 5463 1034 5538 ἱηόίεοτθιθ,”1θνίῐθιυ
1059 5463 1511 5541 immoderateque
1530 5485 1657 5541 pro-

143 5527 356 5593 lrediens.
397 5527 590 5602 Idcirco
612 5527 823 5615 quibus
868 5527 1063 5614 agitata
1106 5542 1257 5599 furiis
1301 5557 1333 5597 a
1370 5527 1654 5613 semetipsa

192 5749 208 5841 ξ
468 5777 748 5898 actm
764 5778 947 5829 rerum,
970 5763 1039 5819 ait
1059 5764 1278 5830 qudam,
1303 5765 1462 5819 etiam.

3262 319 3371 382 834

1767 423 2129 503 consumitur,
2150 423 2336 480 eadem
2365 424 2583 503 levitate
2611 427 2912 494 resolvitur,
2953 445 3056 503 qua
3079 438 3355 494 contrahi-

1767 503 1873 549 tur.
1920 495 2165 569 Amicitia
2217 496 2520 569 mundialis,
2564 514 2683 569 quae
2734 515 2913 555 rerum
2957 495 3039 557 vel
3091 506 3351 567 bonorum

1767 566 2139 648 temporalium
2184 568 2435 648 cupidine
2467 566 2780 648 parturitur,
2829 586 3040 643 semper
3071 585 3154 648 est
3198 566 3354 648 plena

1764 636 1963 693 fraudis
1994 647 2153 710 atque
2184 637 2439 704 fallaciae;
2468 636 2604 695 nihil
2631 641 2682 695 in
2709 657 2768 696 ea
2807 636 3033 710 certum,
3065 636 3354 707 nihil'con-l

1764 719 1934 790 stans,
1979 708 2111 790 nihil
2140 724 2386 790 securum
2416 728 2429 763 :
2463 726 2677 790 semper
2715 729 2836 790 cum
2861 708 3353 790 fortunamutatur,

1764 788 1819 835 et
1862 781 2101 849 sequitur
2146 782 2491 850 marsupium.
2545 781 2698 838 Unde
2752 784 3005 841 Salomon
3052 788 3220 845 dicit:
3254 781 3349 848 Esi

1763 851 1958 934 amicus
1980 853 2255 934 secundum
2279 862 2573 934 tempusue!
2594 857 3025 934 nonpermanebit
3051 860 3105 913 in
3134 870 3357 934 tempore

1765 922 2102 1001 tribulationis
2143 922 2163 994 (
2189 922 2348 978 Eccli.
2382 922 2464 1001 vt_,
2494 923 2573 997 8).
2601 922 2771 1001 _'_l‘olle
2809 943 2959 1001 spem
2995 922 3252 1001 quaestus,
3299 942 3356 991 et

1764 993 1943 1048 statim
1964 993 2173 1049 desinet
2199 1008 2318 1050 esse
2343 993 2567 1051 amicus.
2601 996 2755 1053 Unde
2774 993 2991 1067 quidam
3011 993 3033 1054 Ξ

1886 1115 1987 1159 Non
2011 1115 2089 1160 est
2103 1122 2354 1174 personae,
2382 1110 2473 1161 sed
2496 1113 2832 1174 prosperitatis
2852 1115 3039 1165 amicus

1946 1125 1987 1157 in
2011 1125 2354 1172 estpersonze,
2382 1125 2473 1161 seu
2527 1125 2832 1174 rosperuaus
2852 1126 3039 1165 amicus

1946 1178 2099 1230 Quem
2120 1170 2311 1223 fortuna
2332 1179 2474 1224 tenet
2491 1125 2677 1236 galeis,
2702 1176 2879 1226 acerba
2900 1174 3057 1240 fugat.

1834 1277 2081 1351 Amicitia
2135 1279 2448 1351 spiritualis,
2500 1296 2658 1351 quam
2707 1297 2891 1337 veram
2942 1282 3192 1350 dicimus,
3244 1301 3350 1343 non

1762 1349 2002 1405 utilitatis
2053 1349 2311 1422 cujusque
2364 1349 2649 1427 mundialis
2696 1352 2910 1427 intuitu,
2961 1370 3064 1409 non
3116 1349 3352 1427 qualibet

1762 1429 1912 1477 extra
1952 1432 2205 1498 nascente
2233 1439 2413 1498 causa,
2447 1424 2542 1498 sed
2582 1440 2647 1479 ex
2673 1424 2912 1498 propriae;
2949 1424 3152 1482 natura}
3181 1428 3356 1498 digni-

1762 1500 1890 1563 tate,
1933 1502 1989 1548 et
2032 1494 2247 1549 humani
2290 1496 2521 1563 pectoris
2563 1494 2724 1551 sensu
2766 1495 3132 1562 desideratur;
3184 1494 3262 1553 ita
3298 1507 3356 1555 ut

1762 1562 2110 1640 [ructus_ejns
2157 1562 2544 1640 prmmitimque
2573 1583 2686 1640 non
2705 1567 2811 1640 ‘sit
2848 1567 2989 1640 aliud
3017 1584 3175 1639 quam
3219 1570 3351 1640 ipsa.

1759 1632 1916 1711 Unde
1957 1632 2213 1711 Dominus
2256 1638 2308 1691 in
2344 1632 2663 1711 _Eva‘ngelio,
2695 1634 2857 1692 Ροδαὶ
2902 1656 3009 1711 vos,
3035 1632 3253 1711 'iuquit,
3291 1649 3350 1696 ut

1760 1707 1905 1781 eatis,
1956 1716 2002 1759 et
2028 1710 2251 1781 [ructum
2294 1707 2525 1781 aﬂ'eratis
2563 1708 2740 1780 (Joan.
2771 1725 2863 1774 xv,
2892 1709 3018 1781 46);
3068 1707 3261 1776 id_est,
3292 1722 3351 1768 ut

1761 1776 1986 1851 invicem
2018 1776 2270 1851 diligatis.
2315 1779 2371 1833 lu
2409 1780 2523 1849 ipsa
2552 1776 2779 1851 namque
2805 1796 2928 1834 vera
2960 1776 3203 1836 amicitia
3246 1783 3352 1837 itur

1763 1847 2110 1920 proficiendo,
2125 1847 2197 1903 iet
2223 1847 2662 1920 fructus'capitur
2684 1847 3023 1920 perfectionis
3061 1851 3202 1907 illius
3232 1852 3353 1908 dul-

1760 1918 2004 1974 cedinem
2045 1918 2347 1994 sentiendo.
2378 1918 2538 1994 Vera:
2557 1918 2790 1994 charitas
2815 1922 3049 1994 amicitia
3079 1938 3353 1994 nuncupa-

1760 2002 1866 2053 tur,
1918 2000 1975 2045 ut
2010 2006 2169 2046 omne
2199 1992 2382 2045 vitium
2428 1992 2758 2047 excludatur.
2802 1992 2936 2047 Cum
2974 1992 3347 2051 benevolentia

1759 2060 1973 2134 dicitur,
2020 2062 2133 2130 ipse
2176 2065 2505 2118 consensus1
2545 2063 2781 2131 amandi,
2821 2063 2912 2131 qui
2956 2078 3076 2134 cum
3120 2064 3347 2134 quadam

1758 2130 2040 2204 dulcedine
2084 2144 2346 2204 movetur,
2381 2134 2603 2188 interius
2628 2134 2963 2204 exprimitur.
2993 2132 3093 2189 Ubi
3126 2130 3243 2190 talis
3267 2146 3351 2191 est

1759 2203 2015 2269 amicitia,
2059 2203 2131 2257 ibi
2171 2204 2313 2258 idem
2357 2204 2513 2271 velle,
2559 2215 2615 2260 et
2642 2203 2780 2261 idem
2825 2206 3000 2269 nolle;
3049 2213 3196 2260 tanto
3225 2206 3347 2261 dul-

1759 2274 1893 2339 cius,
1931 2284 2129 2346 quanto
2154 2275 2446 2339 sincerius;
2487 2284 2632 2330 tanto
2672 2277 2906 2341 suavius,
2948 2286 3146 2346 quanto
3171 2292 3348 2333 sacra-

1760 2347 1896 2411 tius;
1934 2345 2029 2417 ubi
2060 2346 2139 2417 sic
2166 2356 2407 2401 amantes
2433 2346 2560 2400 nihil
2587 2356 2806 2415 possunt
2842 2345 2977 2402 velle
3011 2347 3151 2417 quod
3179 2347 3346 2404 dede-

1758 2425 1896 2487 ceat,
1959 2416 2105 2487 nihil
2146 2417 2284 2484 quod
2336 2418 2582 2487 eXpediat
2642 2419 2802 2474 nolle.
2857 2416 3345 2475 Hauc’amicitiam

1759 2486 2037 2555 prudentia
2065 2486 2279 2560 dirigit,
2321 2487 2525 2556 iustitia
2574 2490 2731 2560 regit,
2783 2488 3039 2543 fortitudo
3091 2490 3344 2557 custodit,

1760 2559 2110 2625 temperantia
2152 2558 2477 2613 moderatur.

1828 2627 2058 2702 CAPUT
2098 2628 2185 2682 IV.
2233 2628 2482 2702 Amicitia:
2519 2629 2660 2702 origo
2699 2638 2747 2702 et
2787 2647 3101 2702 progressus.
3149 2633 3348 2689 Amici-

1759 2699 1846 2755 tite
1878 2700 2127 2767 primum,
2180 2707 2237 2753 ttt
2284 2698 2412 2753 mihi
2449 2698 2678 2766 videtur,
2721 2698 2832 2769 ipSa
2868 2698 3052 2756 natura
3098 2702 3344 2760 humanis

1758 2769 2024 2825 mentibus
2048 2770 2597 2839 impressitall'ectum,
2620 2771 2810 2827 deinde
2824 2774 3148 2841 experientia
3170 2776 3341 2841 auxit,

1759 2850 2030 2911 postremo
2055 2842 2187 2911 legis
2208 2842 2493 2896 auctoritas
2512 2842 2792 2896 ordinavit.
2815 2843 2956 2898 Deus
2973 2846 3112 2898 enim
3137 2860 3347 2902 summe

1781 2922 1967 2979 potens,
2012 2922 2067 2967 et
2094 2929 2302 2967 summe
2328 2913 2518 2979 bonus,
2550 2914 2650 2968 sibi
2682 2913 2896 2987 est_ipsi
2926 2914 3214 2982 sufficiens,
3254 2917 3347 2987 qui

1798 2999 2021 3038 onorum
2050 2992 2350 3041 nostrorum
2379 2999 2483 3037 non
2513 2993 2664 3054 eget;
2696 2985 2863 3039 voluit
2893 2995 2950 3039 ut
2976 3000 3165 3041 omnes
3191 2985 3344 3041 crea-

1760 3064 1905 3109 turas
1952 3069 2077 3109 suas
2118 3071 2217 3124 pax
2257 3065 2624 3123 componeret,
2671 3064 2725 3110 et
2766 3056 2943 3110 uniret
2985 3059 3235 3112 societas.
3268 3057 3346 3113 lta

1759 3136 1948 3181 natura
1973 3127 2238 3181 mentibus
2264 3126 2507 3181 humanis
2535 3127 2603 3180 ab
2634 3126 2748 3195 ipso
2770 3127 2992 3181 exordio
3018 3129 3265 3184 amicitiae
3288 3139 3344 3184 et

1760 3197 2034 3251 charitatis
2076 3198 2346 3266 impressit
2382 3196 2648 3262 affectum,
2685 3213 2841 3267 quem
2874 3198 3185 3254 interiorum
3230 3215 3347 3255 mo-

1758 3283 1878 3323 rum
1905 3282 2094 3322 sensus
2110 3268 2130 3298 ¹
2148 3267 2360 3322 amandi
2386 3267 2616 3336 quodam
2635 3279 2790 3338 gustu
2816 3271 3089 3324 suavitatis
3105 3270 3341 3324 adauxit.

1762 3339 2098 3393 Manifestum
2143 3348 2226 3393 est
2254 3338 2541 3394 amicitiam
2590 3340 2885 3394 naturalem
2916 3355 3037 3396 esse
3075 3341 3217 3396 sicut
3242 3341 3350 3394 vir-

1763 3418 1951 3479 tutem,
1980 3410 2119 3465 sicut
2142 3410 2451 3478 sapientiam
2472 3418 2528 3465 et
2545 3420 2770 3466 crcteras
2794 3412 3036 3466 virtutes.
3059 3411 3165 3467 Sed
3190 3411 3345 3466 multi

1761 3481 2051 3554 abutuntur
2099 3482 2377 3554 sapientia,
2415 3481 2506 3554 qui
2544 3496 2639 3549 pro
2679 3497 2740 3554 ea
2781 3482 2980 3554 aliquid
3010 3482 3134 3554 inde
3181 3482 3350 3537 susci-

1762 3553 1932 3623 piunt,
1967 3552 2051 3607 vel
2078 3553 2165 3623 qui
2201 3567 2317 3606 eam
2360 3552 2629 3623 vendunt:
2662 3553 2740 3606 sic
2773 3552 2936 3623 aliqui
2961 3553 3101 3608 male
3128 3562 3347 3608 utuntur

1762 3620 2016 3690 amicitia,
2059 3620 2151 3692 qui
2181 3638 2277 3691 pro
2307 3635 2371 3678 ea
2400 3620 2593 3691 aliquid
2620 3620 2896 3692 appetunt,
2930 3624 3013 3678 vel
3039 3639 3157 3678 cum
3184 3639 3270 3679 ea.

1832 3694 2061 3751 CAPUT
2093 3694 2167 3767 ν,
2188 3693 2267 3748 De
2284 3693 2519 3767 amicitia:
2545 3692 2917 3767 fructibtts.g(a)
2944 3694 3078 3767 Quid
3106 3694 3347 3751 utilitatis

1763 3766 1977 3827 habeat.
2006 3781 2125 3821 cum
2158 3766 2210 3819 in
2238 3766 2398 3820 reb‘us
2424 3763 3101 3837 humanisnihilsanctius
3126 3775 3348 3837 appeta-

1765 3847 1870 3902 tur,
1902 3838 2029 3891 nihil
2053 3846 2321 3907 qumratur
2344 3836 2543 3901 utilius,
2571 3835 2994 3907 niltilgdiflicilius
3024 3835 3346 3902 inveniatur,

1764 3909 1897 3962 nihil
1931 3904 2241 3977 experiatur
2268 3906 2507 3973 dulcius,
2539 3906 2671 3961 nihil
2704 3904 3026 3962 fructuosius
3061 3908 3349 3963 teneatur?

1765 3979 1935 4034 Habet
1973 3978 2116 4033 enim
2158 3977 2386 4032 fructum
2421 3978 2542 4031 vita:
2584 3978 2860 4048 prmsentis
2892 3986 2945 4033 et
2980 3978 3169 4032 futura:
3197 3980 3350 4048 :ipsa

1764 4051 1907 4106 enim
1947 4064 2134 4104 omnes
2173 4049 2396 4103 virtutes
2438 4061 2531 4101 sua
2560 4046 2742 4103 condit
2778 4048 3057 4114 suavitate,
3081 4048 3208 4103 vitia
3250 4046 3350 4104 sua

1763 4123 1959 4176 virtute
1982 4118 2246 4185 confodit;
2277 4118 2499 4174 adversa
2523 4125 2804 4187 temperat,
2827 4119 3101 4190 componit
3125 4133 3349 4190 prospe-

1763 4208 1825 4248 ra
1857 4192 1965 4247 :ita
1998 4200 2056 4245 ut
2083 4190 2202 4245 sine
2240 4190 2411 4245 amico
2440 4190 2579 4243 inter
2609 4190 2860 4243 mortales
2884 4189 3016 4243 nihil
3044 4188 3157 4245 fere
3179 4189 3351 4259 possit

1764 4278 1885 4320 esse
1907 4262 2236 4333 jucundum;
2264 4271 2319 4316 et
2344 4262 2506 4333 homo
2530 4258 2713 4333 bestiae
2741 4268 3099 4333 comparetur,
3123 4257 3230 4333 non
3250 4257 3348 4333 ha-

1763 4330 2025 4403 bens'qui
2064 4346 2245 4389 secum
2275 4332 2571 4388 collaetetur
2599 4330 2653 4385 in
2683 4331 2849 4403 rebus,
2868 4330 3136 4403 secundis,
3166 4330 3221 4386 in
3250 4331 3347 4386 tri-

1764 4406 1934 4461 stibus
1956 4402 2329 4471 contristetur;
2376 4404 2461 4459 cui
2501 4411 2772 4474 evaporet,
2809 4402 2854 4456 si
2896 4402 3022 4474 quid
3058 4403 3348 4459 molestum

1763 4492 1917 4534 mens
1942 4476 2274 4545 conceperit;
2304 4475 2391 4531 cui
2411 4473 2788 4541 communicet,
2811 4475 2854 4528 si
2881 4473 3007 4545 quid
3033 4483 3231 4544 praeter
3254 4488 3348 4530 so-

1764 4549 1913 4605 litum
1944 4542 2174 4603 sublime
2198 4547 2282 4603 vel
2313 4547 2539 4602 livosum
2558 4545 2579 4577 ³
2608 4542 2914 4602 accesserit;
2956 4542 3161 4600 Vtc'soli
3180 4584 3198 4611 ,
3226 4545 3349 4611 quia

1763 4637 1876 4698 eum
1901 4619 2152 4698 ceciderit,
2178 4635 2279 4673 non
2299 4618 2444 4698 habet
2464 4616 2801 4698 sublevantem
2824 4631 2880 4698 se
2908 4614 3099 4698 (ῌςειθ.
3131 4631 3204 4698 ιν2

1764 4692 1922 4748 Solus
1948 4691 2166 4745 omnino
2198 4700 2317 4757 est,
2345 4690 2433 4761 qui
2459 4691 2577 4761 sine
2603 4688 2775 4761 amico
2800 4685 3005 4761 est.'At
3029 4701 3150 4761 qua:
3177 4685 3350 4743 felici-

1764 4773 1863 4829 tas,
1893 4778 2011 4833 quae
2046 4756 2335 4833 securitas,
2361 4756 2481 4833 quae
2513 4759 2813 4833 iucunditas
2836 4765 2952 4833 _est,
2988 4756 3187 4833 ha'bere
3223 4772 3349 4833 cum

1762 4827 1868 4906 quo
1902 4827 2052 4906 aeque
2080 4833 2278 4906 audeas
2309 4827 2487 4906 loqui,
2514 4827 2728 4906 uttibt;
2766 4827 2851 4883 cui
2869 4827 3117 4906 _conliteri
3144 4843 3247 4906 non
3274 4830 3348 4883 ti-

1762 4899 1928 4970 meas,
1949 4899 1994 4959 si
2023 4903 2147 4973 quid
2176 4899 2493 4973 deliqueris;
2523 4902 2608 4958 cui
2637 4914 2743 4973 non
2770 4899 3055 4973 erubescas
3078 4899 3344 4973 revelare,

1762 4978 1815 5032 in
1861 4969 2224 5046 spiritualibus
2264 4969 2316 5027 si
2353 4972 2483 5046 quid
2541 4970 2862 5043 profeceris;
2911 4971 2994 5046 cui
3046 4969 3348 5046 cordis__tui

1762 5038 1938 5103 omnia
1979 5055 2179 5101 secreta
2223 5038 2559 5108 committas,
2605 5052 2660 5099 et
2695 5041 3038 5097 commendes
3081 5038 3348 5097 consilia?

1762 5118 1900 5190 Quid
1928 5117 2086 5187 igitur
2105 5115 2411 5190 jucundius,
2447 5130 2605 5190 quam
2631 5114 2702 5190 ita
2728 5114 2880 5168 unire
2908 5113 3143 5190 animum
3164 5111 3188 5145 δ
3210 5112 3348 5190 alte-

1762 5182 1902 5253 rius,
1930 5182 1986 5243 et
2034 5182 2194 5242 unum
2222 5186 2439 5242 efficere
2461 5182 2529 5241 de
2571 5185 2809 5249 duobus,
2841 5195 2900 5240 ut
2930 5184 3076 5241 nulla
3094 5182 3347 5254 iactantia

1764 5262 2031 5327 timeatur,
2074 5259 2217 5313 nulla
2260 5256 2573 5313 formidetur
2615 5256 2875 5327 suspicio;
2928 5271 3026 5327 nec
3063 5261 3347 5327 correptus

1761 5332 1896 5404 alter
1922 5331 1989 5404 ab
2016 5324 2182 5404 altero
2209 5328 2420 5404 doleat;
2464 5344 2562 5385 nec
2605 5324 2907 5404 laudantem
2950 5326 3090 5404 alter
3101 5324 3347 5404 alterum

1760 5401 2080 5460 adulationis
2125 5408 2279 5459 notet
2313 5392 2415 5457 vel'
2441 5400 2669 5473 arguat?
2705 5400 2939 5467 Amicus,
2988 5396 3063 5450 ait
3099 5392 3348 5466 Sapiens,

1794 5596 1795 5599 η
1822 5578 1844 5614 ι
1878 5573 2126 5637 Aelredus,
2150 5588 2329 5631 senm.

1822 5642 1845 5675 ί
1878 5638 2009 5703 Apud
2032 5638 2309 5703 ltelredum,
2330 5637 2528 5690 ulterior
2548 5648 2664 5689 mox
2684 5647 2868 5689 sensus.

1824 5704 1848 5773 ἓ
1877 5700 2129 5773 Αδιτὲἀιιερ

1827 5768 1844 5798 ⁸
1879 5764 2012 5829 Apud
2039 5763 2317 5829 Aeneam,
2341 5763 2517 5814 aninw.

1826 5827 1901 5892 (a)
1915 5825 2001 5879 Ἐκ
2020 5826 2213 5877 Aelredi
2237 5825 2362 5876 libro
2384 5825 2619 5875 secundm
