3834 6276
638 443 739 497 847

638 556 732 612 sed
761 554 1026 610 mi~eriam
1056 570 1160 609 non
1187 554 1439 610 excludit.
1470 554 1718 610 Feliciter
1743 567 1871 623 ergo
1898 568 2001 607 non
2023 553 2216 621 diligit,

637 627 807 682 donec
833 625 903 679 ad
931 641 1110 680 verum
1140 636 1189 678 et
1218 641 1482 680 summum
1510 627 1705 680 bonum
1737 640 1829 693 per
1851 625 2048 677 amoris
2073 624 2216 677 desi-

638 697 844 752 derium
874 711 933 750 se
960 697 1240 751 convertit.
1286 697 1416 762 Quia
1461 710 1588 751 vero
1633 710 1897 749 summum
1939 703 1992 747 et
2031 708 2215 747 verum

639 768 835 822 bonum
866 767 1006 821 Deus
1033 776 1113 821 est
1139 767 1317 831 solus,
1349 767 1437 819 ille
1477 765 1701 819 feliciter
1729 774 1899 829 amat,
1927 764 2016 833 qui
2050 764 2215 818 Deum

637 847 801 902 amat,
829 846 881 890 et
909 845 1053 891 tanto
1084 836 1284 889 felicius
1310 845 1508 904 quanto
1532 835 1777 902 amplius.
1810 834 1931 888 Ilaec
1962 834 2117 901 igitur
2136 843 2217 904 est

638 923 763 963 vera
788 906 964 961 cordis
990 906 1156 959 nostri
1185 902 1415 974 requies.
1443 921 1563 958 cum
1594 904 1645 958 in
1674 919 1855 959 amore
1881 904 1972 957 Dei
2002 919 2094 973 per
2119 902 2215 974 de-

638 978 891 1033 siderium
923 976 1127 1045 ﬁgitur,
1157 973 1414 1045 nec'ultra
1446 974 1730 1044 quidquam
1772 975 2009 1045 appetit,
2039 973 2131 1026 sed
2163 974 2214 1026 in

637 1062 705 1103 eo
731 1046 867 1116 quod
908 1044 1085 1116 tenet,
1125 1044 1351 1114 quadam
1397 1044 1533 1099 felici
1576 1045 1861 1099 securitate
1892 1044 2211 1116 delectatur.

637 1113 767 1186 Quia
794 1116 932 1170 enim
966 1114 1091 1169 illud
1123 1113 1220 1186 nec
1248 1117 1512 1185 appetitus
1541 1116 1676 1186 ultra
1707 1115 1995 1186 protrahit,
2029 1130 2124 1186 nec
2153 1113 2217 1186 ti-

636 1184 755 1240 mor
783 1186 1021 1253 repellit,
1049 1184 1295 1256 quodam
1321 1185 1478 1256 modo
1516 1187 1567 1256 in
1610 1185 1834 1253 idipstun
1872 1184 2217 1256 jucunditatis

635 1258 751 1310 sine
789 1254 1079 1310 vexatione
1112 1257 1413 1319 requiescit.
1456 1255 1557 1311 Sed
1595 1256 1715 1325 quia
1750 1255 1992 1308 humanae
2025 1254 2215 1325 mentis

636 1326 936 1387 inﬁrmitas,
966 1334 1022 1379 ιιι
1046 1341 1150 1379 non
1175 1325 1345 1380 dicam
1374 1324 1723 1393 scmper,sed
1749 1327 1833 1378 vix
1857 1324 2140 1393 aliquando
2160 1324 2213 1377 in

636 1396 779 1449 illam
815 1395 1007 1449 divinxc
1035 1396 1497 1463 contemplationis
1527 1395 1859 1449 dulcedinem
1898 1395 1982 1463 ligi
2019 1402 2212 1461 potest,

633 1465 863 1535 quodam
906 1464 1115 1519 interim
1156 1466 1331 1520 studio
1368 1466 1433 1519 ad
1475 1465 1613 1519 illam
1637 1504 1651 1525 ,
1680 1464 1746 1518 ad
1785 1481 1941 1535 quam
1990 1464 2212 1535 necdum

636 1533 934 1606 pertingere
966 1535 1187 1602 sufﬁcit,
1217 1536 1555 1590 stabilitatem
1583 1534 1980 1588 assuefacienda
2006 1544 2129 1606 est_:
2164 1533 2213 1588 id

554 1622 567 1634 '
636 1604 749 1670 est,
783 1604 827 1659 si
859 1605 1023 1659 Deum
1049 1620 1261 1673 semper
1287 1607 1517 1675 cogitare
1548 1622 1650 1658 non
1682 1620 1990 1673 possumus,
2026 1604 2214 1675 saltem

636 1692 730 1729 cor
756 1686 995 1730 nostrum
1017 1676 1085 1729 ab
1106 1676 1302 1735 illicitis
1327 1674 1376 1730 et
1401 1676 1548 1729 vanis
1568 1674 1974 1745 cogitationibus
1995 1674 2217 1745 restrin-

633 1746 842 1815 gendo.
876 1746 928 1799 in
964 1745 1387 1801 consideratione
1429 1744 1651 1813 operum
1693 1745 1785 1799 Dei
1814 1754 1869 1799 et
1898 1744 2214 1815 tuirahilium

636 1814 753 1881 ejus
781 1816 905 1870 illttd
936 1824 1245 1879 teneamus;
1276 1824 1331 1869 ιιι
1353 1815 1479 1868 dum
1508 1831 1718 1883 semper
1741 1815 1915 1867 minus
1939 1814 2215 1869 instabiles

636 1902 755 1939 esse
785 1886 1104 1953 satagimus,
1138 1885 1351 1940 tandem
1381 1886 1665 1955 aliquando
1693 1884 1925 1938 donante
1954 1885 2063 1938 Deo
2091 1898 2216 1937 vere

637 1957 853 2010 stabiles
885 1955 994 2008 ﬁeri
1025 1956 1318 2009 valeamus.

707 2024 932 2081 CAPUT
972 2024 1081 2079 Vll.
1128 2026 1391 2091 Quomodo
1418 2026 1778 2093 comparanda.
1815 2024 1967 2078 Fides
1996 2024 2136 2077 navis
2163 2023 2214 2076 in

637 2096 788 2158 liuius
833 2096 1008 2150 mundi
1048 2095 1303 2165 ﬂuctibus.
1357 2094 1504 2149 Unde
1550 2095 1875 2162 wdiﬁcanda.
1927 2094 1993 2165 Ut
2020 2103 2212 2165 autent

638 2167 987 2234 promotinnis
1023 2164 1179 2235 hujus
1205 2166 1417 2234 aliquod
1449 2166 1541 2218 tibi
1570 2165 1871 2235 exemplum
1911 2164 2211 2232 subjiciam,

638 2238 915 2290 universus
951 2236 1051 2290 iste
1091 2234 1317 2289 mundus
1345 2236 1495 2304 quasi
1525 2235 1786 2304 quoddam
1824 2234 2077 2289 diluvium
2109 2242 2211 2300 est,

634 2322 701 2359 eo
727 2306 865 2375 quod
894 2306 1070 2359 omnia
1098 2321 1216 2374 quze
1245 2306 1296 2359 in
1327 2306 1425 2359 hoc
1453 2305 1650 2375 mundo
1680 2313 1836 2370 sunt,
1864 2304 1937 2375 ad
1967 2304 2214 2357 similitu-

635 2374 815 2430 dinem
845 2392 993 2444 aqua:
1024 2376 1241 2431 incertis
1269 2376 1547 2430 eventibus
1585 2374 1885 2428 ﬂuctuando
1910 2374 2213 2428 decurrant.

636 2444 773 2499 Vera
800 2455 972 2499 autem
1001 2446 1164 2512 ﬁdes,
1204 2462 1322 2514 qua:
1365 2461 1470 2499 non
1512 2445 1843 2510 transitoria,
1885 2444 1979 2498 sed
2017 2454 2213 2498 interna

637 2516 928 2638 promittit,
960 2516 1114 2584 quasi
1143 2532 1172 2569 a
1199 2513 1511 2585 quibusdam
1542 2515 1817 2577 ﬂuctibus,
1860 2515 1937 2568 sic
1975 2530 2003 2567 a
2036 2513 2215 2568 mundi

658 2586 795 2638 iuius
824 2587 1106 2638 cnniditate
1134 2587 1185 2638 in
1214 2602 1440 2638 sunerna
1475 2586 1706 2638 animum
1735 2585 1926 2638 attollit
1957 2603 1968 2637 :
1997 2594 2050 2638 et
2090 2598 2215 2638 uor-

658 2586 795 2652 iujus
824 2587 1106 2657 cupiditate
1134 2587 1185 2640 in
1214 2602 1440 2655 superna
1475 2586 1706 2639 animum
1735 2585 1926 2657 attollit
1957 2594 2050 2657 :et
2090 2598 2215 2652 por-

636 2658 735 2711 tari
764 2655 975 2725 quidem
1006 2658 1072 2711 ab
1100 2657 1251 2726 aquis
1284 2666 1481 2725 potest,
1515 2657 1606 2709 sed
1649 2655 1810 2725 mergi
1853 2656 2072 2708 omnino
2112 2669 2215 2726 non

637 2723 842 2801 potest;
873 2726 1088 2801 quiauad
1119 2723 1486 2801 necesSitatetit
1528 2726 1634 2801 hoc
1670 2723 1865 2801 mundo
1895 2723 2214 2801 ιιιίιιιιζ,οε(ξ‹1

636 2794 754 2863 ejus
780 2794 1059 2850 desideriis
1098 2811 1191 2865 per
1215 2796 1460 2850 affectuum
1490 2812 1593 2850 non
1623 2796 1938 2864 implicatur.
1968 2794 2217 2862 Quisquis

635 2877 765 2935 ergo
790 2876 985 2921 aeterna
1012 2864 1115 2921 non
1141 2866 1385 2931 credens,
1414 2868 1526 2921 sala
1552 2882 1671 2935 qua:
1699 2874 1974 2920 transeunt
1992 2864 2213 2934 appetit,

645 2984 3798 3012 ___________________________________________..

1654 3080 1673 3093 ‘
1732 3023 2778 3198 Δυιιιὸιιιιτιο

2088 439 2447 496 APPENDIX.
3736 454 3807 510 ιιι

2325 554 2463 609 hunc
2493 554 2640 635 quasi
2672 554 2801 635 sine.
2813 556 2929 609 navi
2946 557 3004 609 ιη
3012 555 3298 635 novantem
3303 556 3621 635 inductihus,
3642 563 3808 635 ἱιιιιιιιιιις

2321 640 2473 695 aqua“:
2501 625 2833 680 decurrentis
2862 641 3039 680 secum
3069 626 3244 680 trahit.
3279 629 3378 695 Qui
3409 644 3526 682 vero
3550 625 3712 687 :rtema
3732 654 3809 693 rre-

2320 694 2473 775 dc-ns.
2500 697 2809 775 transitoria
2849 696 3164 775 diligit,_hic
3182 694 3326 766 juxta
3359 714 3535 775 navem
3558 704 3807 775 naufragium

2323 764 2463 842 facit.
2493 765 2593 842 Qui
2618 775 2796 842 autem
2823 764 3022 842 interna
3053 764 3196 842 bona
3214 776 3274 842 et
3294 771 3477 842 credit,
3503 779 3552 823 ct
3574 764 3736 842 diligit:
3756 779 3809 832 hic

2322 836 2373 888 in
2401 837 2518 912 nati
2549 836 2748 904 positus
2769 876 2789 912 ._
2817 834 3126 912 fluctuantis
3148 838 3309 912 maris
3334 839 3499 912 undas
3518 834 3707 895 securis

2322 907 2511 959 transit
2551 914 2663 976 :et
2704 906 2826 976 quia
2870 921 2966 976 per
3013 906 3339 962 desiderium
3389 909 3502 964 ﬁdei
3548 926 3705 966 navem
3731 906 3809 971 ἰιοι

2321 975 2736 1039 transgreditur,
2762 975 2883 1043 jam
2902 976 3129 1044 quodam
3171 978 3327 1031 modo
3355 977 3418 1031 ain
3457 977 3673 1035 ﬂuetibus
3702 992 3809 1039 tem:

2319 1045 2662 1117 stabilitatem
2693 1046 2947 1117 imitatur.
2979 1046 3214 1117 Primum
3239 1062 3386 1117 ergo,
3414 1051 3455 1101 si
3482 1047 3575 1103 hoc
3598 1065 3716 1107 mare
3735 1070 3809 1106 ma-

2317 1129 2477 1184 gnum
2507 1116 2655 1169 illi-si
2686 1115 3010 1185 pertransire
3036 1116 3279 1173 volumus
3295 1115 3319 1177 ,ἡ
3341 1118 3807 1185 fabricentus-navem,

2320 1195 2378 1238 ut
2406 1188 2559 1239 fidem
2590 1185 2847 1254 integram
2876 1184 3200 1250 habeamus;
3230 1187 3422 1240 deinde
3451 1203 3621 1242 navem
3645 1194 3736 1245 lidei
3754 1194 3809 1245 in-

2321 1255 2615 1329 habitetnns
2644 1271 2737 1323 per
2760 1255 3074 1329 charitatem
3093 1297 3107 1316 .
3136 1266 3193 1310 ut
3219 1266 3272 1310 et
3297 1256 3567 1329 credamus
3592 1261 3705 1329 quod
3732 1263 3810 1315 dili-

2317 1340 2442 1400 gere
2472 1327 2761 1400 debemus,
2804 1333 2857 1400 c_t
2893 1326 3175 1400 diligamus
3212 1328 3352 1394 quod
3391 1326 3808 1400 credimus:on

2318 1406 2371 1450 et
2401 1397 2481 1449 lex
2510 1396 2602 1450 Dei
2636 1396 2687 1447 in
2713 1396 2874 1449 corde
2905 1406 3087 1468 nostro
3113 1398 3179 1451 sit
3204 1412 3300 1468 per
3324 1407 3479 1451 recte
3503 1399 3609 1452 fidei
3627 1396 3810 1468 cognitio-

2319 1475 2549 1536 nem.et
2575 1480 2667 1518 cor
2697 1474 2936 1519 nostrum
2969 1466 3020 1519 in
3053 1467 3169 1536 lege
3197 1467 3288 1520 Dei
3320 1468 3392 1521 sit
3424 1482 3514 1535 per
3536 1466 3807 1525 dilectione".

2387 1535 2490 1590 Sed
2522 1545 2577 1587 nt
2609 1535 2816 1589 facilius
2838 1551 3131 1605 cognoscas
3170 1537 3439 1605 quomodo
3467 1539 3542 1592 vel
3568 1540 3685 1593 unde
3705 1540 3808 1603 hanc,

2356 1622 2474 1660 nam
2516 1605 2657 1666 dixi,
2707 1621 2892 1659 navem
2937 1608 3017 1658 vel
3053 1622 3233 1659 aream
3262 1608 3313 1658 in
3340 1608 3495 1661 corde
3516 1618 3598 1660 tuo
3620 1609 3809 1664 :edilitare

2355 1677 2535 1739 ebeas,
2565 1690 2659 1743 per
2680 1689 2838 1744 quam
2869 1676 3025 1744 hujus
3052 1676 3232 1729 diluvii
3263 1677 3530 1746 naufragio
3552 1676 3746 1741 eductus.
3766 1681 3805 1734 ad

2320 1759 2527 1814 por'tttn
2567 1747 2762 1814 quietis
2804 1747 3115 1814 pervenias;
3158 1747 3264 1800 duo
3293 1761 3450 1814 opera
3479 1748 3562 1800 Dei
3587 1750 3803 1809 cousiilm,

2318 1816 2563 1870 videlicet
2613 1830 2746 1884 opus
2794 1815 3154 1880 conditionis,
3199 1826 3255 1870 et
3299 1831 3435 1885 (opus
3480 1820 3806 1871 restattratimiis.

2317 1885 2463 1955 Opus
2490 1898 2666 1939 autem
2694 1887 3013 1939 conditionis
3040 1894 3116 1939 est
3146 1888 3350 1939 erratio
3377 1887 3491 1942 caeli
3524 1895 3572 1940 et
3605 1896 3748 1945 terno.
3775 1900 3807 1941 et

2317 1957 2553 2037 oinniunt
2581 1971 2698 2024 qua!
2730 1956 2780 2008 in
2808 1957 2885 2009 eis
2909 1957 3269 2037 continentur.
3299 1971 3417 2037 qua:
3441 1972 3528 2009 sex
3548 1956 3805 2037 diebusiarti

2319 2036 2463 2080 sunt.
2495 2026 2642 2092 Opus
2673 2041 2799 2079 vero
2836 2027 3237 2079 restaura'ionis
3257 2067 3272 2090 ,
3314 2025 3593 2079 incarnatio
3614 2025 3807 2091 \‘erbi,et

2318 2095 2495 2151 omnia
2523 2111 2641 2165 quae
2668 2113 2694 2146 a
2728 2097 2985 2164 principio
3011 2094 3193 2148 mundi
3226 2111 3397 2164 usque
3424 2096 3486 2149 ad
3517 2098 3667 2159 tinem,
3689 2099 3747 2149 vel
3765 2098 3804 2148 ad

2318 2181 2434 2220 eam
2461 2165 2918 2234 pra-nuntianda":
2947 2177 3357 2235 pnrcesscrunt,
3388 2166 3467 2218 vel
3492 2166 3550 2217 ad
3574 2168 3705 2233 ipsam
3725 2182 3803 2217 cno-

2321 2238 2631 2289 lirmandam
2673 2245 2918 2289 secutura
2956 2246 3079 2289 sunt
3108 2254 3123 2289 :
3150 2251 3273 2305 qnze
3311 2238 3482 2288 omnia
3521 2250 3602 2289 se:
3638 2235 3804 2287 motibus

2322 2306 2470 2359 ﬁunt.
2516 2307 2618 2360 Sed
2666 2320 2826 2373 opera
2874 2308 3279 2359 rcstaurationis
3322 2307 3487 2375 magis
3526 2306 3800 2372 pertinrutad

2321 2376 2477 2429 ﬁdem
2506 2375 2819 2430 catholicum
2841 2417 2855 2438 ,
2899 2391 3018 2445 qmc
3067 2376 3266 2430 idcirco
3309 2374 3473 2429 saneti
3508 2374 3696 2442 amplius
3724 2374 3802 2445 dili-

2318 2456 2466 2516 gunt,
2499 2448 2619 2515 quia
2651 2447 2700 2498 in
2730 2446 2809 2500 eis
2836 2442 2945 2499 stre
2970 2446 3158 2499 salutis
3182 2446 3417 2499 remedia
3439 2453 3705 2516 agnoscunt.
3723 2442 3803 2496 llas

2319 2514 2496 2569 autem
2522 2514 2714 2585 partim
2748 2533 2839 2583 per
2866 2516 2934 2570 ho
2958 2520 3126 2574 niues.
3158 2517 3350 2584 partim
3382 2531 3473 2584 per
3497 2514 3701 2582 Angelos,
3722 2529 3802 2582 μι-

2322 2587 2413 2639 tim
2459 2603 2551 2652 per
2591 2587 2931 2655 semetipsum
2965 2594 3218 2654 operatus
3248 2594 3332 2640 est
3368 2588 3500 2639 Dens
3532 2594 3625 2637 :'ut
3660 2585 3698 2635 in
3725 2596 3800 2655 atra

2320 2650 2579 2725 Spirituaii
2614 2650 2875 2725 prima—sit
2905 2650 3112 2710 mansio
3141 2670 3304 2723 Opera
3339 2655 3622 2713 hominum.

2320 2721 2485 2795 opera
2511 2721 2831 2794 Angelorum
2853 2768 2867 2791 ,
2902 2726 3054 2779 tertia
3085 2721 3247 2795 opera
3284 2725 3405 2793 Dei,
3437 2738 3677 2794 supremus
3703 2721 3799 2775 cubi-

2323 2805 2427 2861 tus,
2460 2806 2645 2851 auctor
2680 2796 3043 2851 univerSornm
3078 2797 3240 2851 Deus.

1707 3256 1788 3318 ΙΝ
1831 3252 2455 3329 SUBSEQUENTEM
2496 3252 2820 3314 LIBRUM.

617 3387 624 3397 ’
702 3401 870 3477 ,ιίὺθν
896 3400 963 3455 de
991 3398 1272 3471 Diligcndo
1300 3399 1410 3453 Deo
1440 3398 1557 3467 pius
1583 3404 1692 3463 est,
1715 3396 1917 3467 judicio
1945 3395 2148 3451 Erasmi
2178 3410 2241 3451 ac
2267 3394 2658 3464 Theologorum
2686 3393 3093 3449 Lovaniensium
3113 3434 3130 3459 ,
3159 3407 3263 3448 nec
3298 3390 3571 3447 ineruditus
3594 3405 3605 3442 :
3630 3384 3699 3442 sed
3718 3384 3794 3438 sub

639 3490 844 3545 dititius
875 3497 1047 3544 tamen
1069 3531 1084 3555 ,
1117 3488 1200 3543 vel
1231 3488 1343 3556 ipsa
1369 3502 1435 3542 ex
1463 3486 1639 3556 phrasi
1668 3486 1953 3556 plurimum
1992 3485 2330 3556 discrepante
2359 3486 2427 3539 ab
2453 3485 2833 3555 Augustiniana
2854 3525 2870 3551 ,
2903 3484 3098 3539 merito
3124 3483 3314 3539 iisdem
3340 3484 3499 3538 visus.
3530 3482 3793 3535 Auctorem!

639 3596 699 3636 se
726 3582 839 3651 ipse
867 3580 1037 3635 :etatis
1075 3577 1389 3634 recentioris
1425 3590 1544 3632 esse
1572 3576 1703 3630 satis
1731 3591 1795 3630 eo
1822 3575 2034 3646 prodit,
2061 3576 2201 3645 quod
2233 3564 2541 3645 Hieronymi
2569 3566 2770 3629 dictum
2802 3588 2868 3629 ex
2897 3574 2992 3629 lib.
3022 3574 3056 3627 5
3084 3574 3134 3628 in
3162 3571 3354 3627 Matth.
3381 3586 3502 3627 svnt
3524 3570 3630 3625 citat
3650 3566 3688 3621 in
3708 3564 3792 3617 hunc

622 3670 857 3731 .modum
891 3688 904 3724 :
938 3668 1083 3724 Unde
1118 3667 1323 3737 quidam
1350 3676 1553 3721 sanctus
1580 3667 1684 3734 ait,
1718 3666 1909 3737 Magna
1946 3666 2165 3736 dignitas
2192 3667 2505 3730 aninmrum,
2534 3674 2636 3719 etc.
2673 3663 2909 3719 Contulit
2937 3665 3042 3719 huc
3068 3664 3362 3720 sententias
3387 3662 3450 3718 ad
3478 3652 3790 3716 inllammandm

639 3762 978 3817 dilectionem
1013 3760 1141 3825 Dei,
1172 3757 1333 3813 variis
1360 3772 1425 3812 ex
1454 3757 1636 3823 libris,
1671 3756 1905 3826 llugonis
1936 3756 2192 3811 Victorini
2231 3756 2284 3809 in
2315 3756 2528 3826 primis,
2577 3754 2829 3809 Bcrnardi
2872 3763 2926 3809 ct
2971 3753 3234 3809 Anselmi.
3279 3754 3345 3808 Et
3383 3750 3577 3823 quidem
3598 3762 3623 3802 ι
3644 3739 3792 3812 api!“

639 3853 706 3907 ad
739 3853 824 3918 ll,
858 3851 987 3907 nihil
1017 3850 1170 3905 nobis
1198 3848 1477 3919 legendum
1505 3847 1646 3902 aliud
1678 3848 1898 3917 prmbet,
1924 3861 2081 3917 quam
2102 3846 2241 3917 quod
2265 3847 2438 3901 verbis
2465 3846 2650 3901 iisdem
2677 3861 2739 3901 ac
2766 3845 2874 3900 fere
2903 3845 3118 3901 totidem
3143 3845 3359 3916 scripsit
3379 3844 3517 3913 [iugo
3534 3843 3578 3897 in
3594 3832 3790 3902 Soliloqnio

639 3941 707 3997 de
735 3941 908 3995 Arrha
935 3940 1147 3995 animm.
1178 3938 1296 3994 Alia
1323 3938 1501 3993 itidem
1532 3947 1657 3993 sunt
1681 3953 1746 3993 ex
1772 3938 1891 3992 aliis
1918 3937 2149 4008 llugonis
2188 3937 2454 4007 opusculis
2483 3946 2732 4009 excerpta
2764 3937 2908 4003 loca,
2936 3937 3087 4007 plura
3118 3937 3280 3992 etiam
3310 3951 3375 3992 ex
3402 3932 3599 3990 diversis
3621 3921 3787 3984 Bematdi

637 4030 1027 4097 Concionibus,
1072 4040 1129 4087 et
1169 4029 1409 4103 qutedam
1444 4044 1512 4084 ex
1538 4028 1876 4085 Meditatione
1904 4028 2040 4100 apud
2068 4028 2377 4084 Anselmum
2408 4038 2692 4098 postrema:
2716 4028 2964 4085 editionis
2993 4029 3195 4084 decima
3229 4037 3375 4109 sexta
3394 4069 3409 4095 ,
3438 4041 3545 4097 qua:
3567 4036 3644 4077 nos
3662 4015 3786 4109 passim

641 4124 827 4191 positis
846 4122 994 4178 notis
1022 4137 1054 4177 e
1081 4122 1301 4192 regione
1331 4130 1689 4176 monstramus
1719 4117 1817 4193 (a).
1849 4119 1932 4174 Ad
1956 4129 2260 4175 extremum
2279 4160 2297 4185 ,
2324 4116 2496 4189 capite
2525 4120 2591 4174 18
2619 4118 2899 4176 exhibetur
2938 4120 3157 4190 insignis
3197 4105 3348 4175 locus
3386 4112 3593 4173 Auselmi
3615 4125 3663 4165 ex
3685 4105 3786 4176 ipsius

642 4214 934 4284 Proslogio.
965 4211 1115 4282 Sapit
1143 4212 1245 4267 hoc
1265 4227 1400 4281 opus
1422 4210 1666 4266 eumdem
1691 4220 1960 4267 auctorem
1987 4225 2050 4266 ac
2077 4211 2215 4266 liber
2242 4210 2309 4267 de
2337 4205 2536 4281 Spiritu
2563 4222 2617 4265 et
2638 4212 2847 4266 Anima.
2876 4210 2985 4266 Nec
3011 4208 3146 4267 forte
3172 4210 3326 4267 alteri
3349 4209 3522 4265 melius
3545 4193 3783 4269 adscripstris
3814 4246 3815 4271 ξ

639 4302 878 4358 Manuale
898 4345 911 4369 ,
934 4312 998 4358 et
1023 4303 1121 4356 alia
1152 4301 1394 4372 quasdam
1421 4301 1673 4372 opuscula
1714 4317 1831 4371 qua:
1860 4302 1947 4356 hic
1976 4309 2635 4371 postearepra-sentantur
2653 4344 2668 4369 ,
2700 4302 2932 4372 itemque
2963 4303 3124 4357 libros
3156 4302 3298 4373 apud
3328 4301 3573 4370 llugonem
3597 4293 3648 4347 de
3666 4287 3779 4344 Anima
3814 4306 3815 4373 ᾧ

640 4396 870 4466 primum
911 4404 965 4450 et
1006 4394 1217 4449 tertium
1239 4435 1255 4458 ,
1295 4393 1381 4462 qui
1421 4392 1559 4461 apud
1590 4392 1915 4447 Bernardum
1944 4392 2309 4448 Meditationes
2337 4402 2389 4448 et
2419 4393 2484 4447 de
2513 4392 2845 4447 Conscientia
2877 4402 3272 4462 nuneupantur.
3316 4392 3555 4447 Cieterum
3578 4376 3775 4466 Vincenti?

641 4464 1053 4546 Dellovacensis.
1084 4485 1176 4540 lib.
1203 4484 1274 4539 25
1297 4482 1506 4552 Speculi
1532 4483 1808 4545 naturalis,
1836 4498 1954 4553 cap.
1985 4484 2038 4547 l,
2068 4482 2305 4537 nonnihil
2332 4481 2470 4552 quod
2500 4482 2676 4552 legere
2705 4492 2786 4537 est
2810 4497 2930 4553 cap.
2953 4484 2986 4537 5
3014 4482 3177 4553 hujus
3206 4482 3343 4545 libri,
3373 4481 3489 4534 citat
3511 4471 3678 4530 nurnine
3693 4464 3772 4520 Ροίτί

639 4576 984 4633 Comcstoris.
1016 4575 1230 4630 Librum
1261 4560 1579 4629 contulimus
1606 4586 1727 4628 cum
1757 4573 1881 4628 Mss.
1915 4574 2094 4644 Regiis
2119 4573 2326 4629 duobus
2353 4575 2404 4628 in
2431 4574 2620 4643 quibus
2647 4574 2925 4644 Augustini
2952 4575 3167 4630 nomine
3196 4574 3325 4629 falso
3354 4575 3650 4643 przenotatur.

702 4687 777 4752 (a)
814 4696 933 4739 Ante
957 4690 1058 4752 ipsa
1076 4685 1284 4751 capitula
1302 4685 1430 4734 uotis
1450 4682 1769 4747 alphabeticis
1790 4683 2101 4733 indicavimus
2121 4682 2270 4733 libros
2293 4695 2355 4733 ex
2376 4683 2555 4745 nvibus
2568 4684 2695 4732 varia
2715 4681 2817 4733 loca
2841 4686 3019 4747 passim
3040 4689 3385 4748 excerpuntur.
3458 4686 3509 4728 δι.

2051 4788 3741 4821 ________________________________,..

1213 4900 1486 5042 DE
1605 4895 2735 5051 DILIGENDO
2881 4899 3296 5051 ιζ)Εο
3752 4786 3763 4796 ’

1783 5124 2238 5215 LIBER
2305 5122 2766 5215 ΠῘΝἾΙῊ-

1756 5124 2238 5232 LIBER
2305 5123 2420 5230 Π
2402 5125 2549 5232 Ν
2556 5122 2768 5235 US.
3272 5240 3281 5251 ,

2078 5352 2479 5389 W

712 5471 936 5528 CAPUT
972 5468 1255 5526 PRIMUM.
1315 5468 1410 5523 Via
1451 5470 1519 5523 ad
1559 5469 1707 5523 vitam
1749 5470 1987 5526 choritos.
2039 5472 2225 5527 Modus

645 5543 887 5613 diligendi
923 5541 1092 5597 Deum
1107 5551 1154 5595 et
1195 5540 1700 5613 proximan‘Vigili
1720 5553 1845 5593 cura
1871 5582 1886 5607 ,
1915 5551 2093 5613 mente
2119 5544 2225 5596 ςηι-

646 5609 785 5669 licita
812 5655 827 5676 ,
856 5627 1073 5667 summo
1092 5609 1305 5671 conatu.
1337 5619 1392 5666 et
1420 5609 1773 5666 sollicitudine
1800 5612 2044 5665 continua
2072 5613 2226 5667 decet

646 5698 748 5738 nos
775 5683 1039 5750 inquirere
1064 5690 1117 5736 et
1141 5682 1419 5738 addiscere
1447 5680 1714 5751 quomodo
1736 5689 1791 5735 et
1812 5697 1912 5746 qua
1942 5683 2023 5734 via
2050 5683 2225 5748 possi-

648 5767 769 5807 mus
793 5752 1050 5807 infernale
1079 5753 1392 5823 supplicium
1423 5754 1612 5823 vitare.
1633 5761 1699 5823 et
1726 5751 1945 5823 cirfltyste
1973 5752 2221 5823 gaudium

650 5823 957 5891 acquirere;
987 5838 1105 5877 eum
1137 5820 1235 5879 nec
1265 5822 1393 5878 illud
1422 5820 1737 5891 supplicium
1767 5822 1938 5886 vitari,
1966 5820 2222 5876 nec-illud

632 5890 900 5965 gaudium
929 5892 1127 5962 acquiri
1156 5895 1341 5963 possit,
1375 5892 1475 5949 nisi
1507 5890 1587 5946 via
1616 5894 1824 5962 cognita
1853 5907 1956 5962 qua
1985 5904 2069 5947 est
2098 5891 2223 5948 illud

2329 5472 2624 5547 vitandum,
2666 5484 2719 5547 et
2754 5475 2881 5547 illud
2926 5476 3315 5547 acquirendum.
3343 5448 3765 5547 ᾼιιᾷἱθητῐιεέἯῖξᾶζ

2332 5521 3764 5618 ινξιῑιιειξ’ίξ.ςρῑοξξςιῑιῑιεῑῑειξέιῑιιῇξῖέτῆλρρςιιειεχριῖιειξ

2332 5597 2463 5702 μίεῆ
2473 5597 2581 5702 quo
2608 5597 3277 5702 οςὶιεῖιιιίιξῶιίξέἶςέίιιιιά
3302 5597 3525 5702 ecclesiis
3542 5597 3762 5702 £132:

2332 5672 2611 5757 inell‘abiljs
2637 5695 2737 5748 est,
2765 5696 2819 5757 et
2841 5672 2961 5755 quae
2985 5689 3055 5742 sit
3080 5672 3173 5742 via.
3190 5702 3299 5757 qua:
3323 5681 3448 5757 ducit
3470 5675 3525 5757 ᾓά
3549 5672 3698 5757 Vi}ij
3710 5672 3733 5757 ξ

2330 5754 2471 5808 enim
2497 5797 2511 5813 .
2548 5753 2657 5808 Nec
2683 5747 2998 5811 orntus-vidit
3017 5798 3033 5821 ,
3065 5775 3155 5812 nec
3187 5747 3315 5811 duris
3338 5747 3679 5821 audirit‘gmdi'f

2333 5801 2853 5898 sagas-.‘tasgaf.’
2868 5801 2996 5896 4.3;
3007 5801 3312 5898 ,1.‘.'.:,:.:.:.~';
3328 5801 3463 5898 ῥέει,
3465 5801 3763 5898 iii-15mg

2333 5893 2384 5963 (I
2416 5893 2533 5950 Cor.
2566 5911 2624 5961 ιι,
2655 5894 2688 5949 9
2706 5879 2751 5966 ).’
2783 5879 2923 5953 E'céc
2942 5879 3191 5968 ‘péi'iioc'
3210 5879 3352 5968 quod
3379 5887 3484 5945 dicit
3520 5879 3641 5936 Deum
3661 5879 3757 5937 ιη
