3834 6276
80 396 162 454 861
1201 388 1400 446 LlBER
1441 385 1526 442 DE
1566 383 1639 442 Dli

1749 384 1931 442 ΕΝΒο
1971 388 2124 445 DEO.

80 511 265 574 tienter,
313 506 418 560 imo
467 507 709 571 libenter,
754 521 858 562 non
905 505 1078 561 solum
1125 515 1301 560 autem
1351 505 1472 566 hoc,
1525 501 1618 557 sed

80 581 215 650 etiam
250 577 496 634 ardenter
528 596 618 650 pro
648 579 745 650 illo
765 577 1028 650 sustinere
1057 576 1264 650 labores
1303 585 1361 650 et
1385 575 1618 650 dolores.

80 648 152 719 qui
178 663 264 717 pro
300 662 356 701 se
399 645 544 702 tanta
571 664 631 703 ac
661 648 782 702 talia
808 648 1076 719 sustinuit.
1123 645 1227 699 Per
1256 647 1438 700 multas
1468 647 1620 719 _euim

80 715 391 774 tribulatione:
439 729 632 787 oportet
674 735 765 771 nos
813 719 997 770 intrare
1037 717 1088 770 in
1135 733 1344 786 regnum
1384 715 1624 768 cwforum

81 792 194 854 (Art.
226 801 343 850 xtv,
371 787 506 855 21).
554 788 916 857 Amplectatur
965 788 1120 856 igitur
1167 796 1217 840 te
1263 787 1618 857 animarntea,

82 859 273 913 Domine
299 857 444 920 Jcsu.
475 855 818 921 crucifixum,
851 855 1025 912 sumat
1066 857 1137 910 lui
1178 855 1465 911 dulcissimi
1497 870 1622 908 sau-

79 929 227 997 guiuis
273 927 522 982 haustum
578 946 590 982 :
646 937 869 996 occupet
922 927 1230 980 memoriam
1285 941 1456 980 meam
1512 924 1626 980 lncc

80 999 230 1052 suavis
270 999 562 1060 meditatio,
609 1015 675 1053 ne
716 1015 780 1053 ex
823 1007 934 1051 toto
975 1012 1091 1052 eam
1135 997 1329 1051 oblivio
1355 997 1623 1050 obscuret.

80 1068 289 1123 iudicem
312 1085 396 1122 me
428 1070 554 1123 nihil
583 1069 736 1130 scire,
765 1068 862 1122 nisi
889 1067 1070 1123 Iesum
1093 1065 1382 1126 Christum,
1407 1075 1462 1120 et
1487 1065 1626 1120 hunc

79 1138 392 1204 crucifixum;
435 1155 506 1194 ne
542 1139 816 1193 scientiam
844 1153 1013 1191 meam
1042 1152 1071 1189 a
1101 1137 1361 1190 soliditate
1391 1135 1508 1190 fidei
1537 1151 1629 1188 va-

81 1223 164 1263 nus
207 1224 351 1262 error
401 1210 630 1264 abducat
680 1227 693 1262 :
740 1208 969 1262 vindicet
1018 1206 1118 1261 sibi
1172 1214 1341 1260 totum
1387 1221 1626 1260 amorem

82 1293 231 1333 meum
276 1279 388 1332 lucc
439 1289 528 1332 tua
577 1279 706 1333 mira
757 1278 1012 1342 dilectio;
1063 1292 1130 1332 ne
1177 1276 1322 1330 illum
1368 1275 1628 1343 cupiditas

82 1348 332 1403 mundialis
372 1349 677 1403 absiirbeat.
711 1349 938 1403 Mentem
967 1347 1108 1402 enim
1138 1362 1295 1416 quam
1339 1356 1473 1408 tum,
1522 1345 1628 1400 Do-

83 1418 220 1480 tuine,
249 1418 477 1472 dulcedo
507 1421 778 1474 charitatis
807 1417 1184 1486 compleverit,
1211 1432 1316 1470 non
1349 1417 1506 1470 timor
1529 1430 1628 1468 an-

81 1496 247 1558 gustat,
278 1503 380 1541 non
410 1489 575 1544 libido
606 1489 976 1558 commaculat,
1008 1502 1116 1541 non
1147 1486 1222 1558 ira
1252 1487 1496 1558 dilaniat,
1524 1500 1628 1539 non

85 1557 299 1626 Superbia
328 1559 533 1620 elevat,
565 1574 668 1614 non
706 1557 1018 1613 ceuodoxia:
1048 1557 1216 1611 inanis
1263 1557 1437 1611 fumus
1464 1569 1628 1609 even-

85 1630 192 1700 tilat,
237 1643 336 1681 non
385 1631 619 1700 exagitat
663 1629 842 1693 furor,
890 1643 993 1700 nou
1040 1627 1290 1700 stimulus
1329 1626 1632 1700 ambitionis

85 1699 328 1762 eviscerat,
358 1714 464 1753 non
495 1696 714 1754 avaritia
741 1698 1026 1765 contrahit,
1056 1713 1159 1751 non
1189 1697 1368 1764 dejicit
1399 1696 1630 1762 tristitia,

87 1786 168 1822 non
198 1769 382 1844 invidia
429 1769 684 1844 tabefacit
727 1786 746 1844 :_
784 1770 983 1844 nullum
1029 1767 1258 1844 denique
1286 1768 1466 1844 vitium
1513 1781 1629 1820 eam

87 1839 377 1907 Corrumpit,
410 1839 541 1894 dum
573 1841 623 1893 in
651 1839 834 1895 eadem
865 1838 1144 1893 dulcedine
1180 1836 1465 1892 immobilis
1508 1851 1631 1905 per-

87 1909 217 1982 sistit.
239 1908 333 1974 Qui
363 1925 494 1982 ergo
521 1911 630 1964 suis
657 1919 798 1982 tanta
825 1917 1044 1982 prtestat
1067 1908 1117 1962 in
1149 1907 1414 1982 praesenti,
1439 1915 1632 1976 quanta

89 1980 170 2030 illis
197 1987 364 2033 servat
395 1979 448 2033 in
483 1980 700 2034 futuro?
742 1981 870 2046 Qua:
899 1979 989 2033 dat
1032 1979 1084 2032 in
1117 1979 1397 2047 praesenti,
1433 1986 1638 2044 tempo-

90 2049 193 2101 ralia
218 2059 335 2102 sunt
365 2067 377 2101 :
409 2066 534 2119 qua:
563 2062 738 2105 autem
770 2050 822 2104 in
853 2049 1028 2103 futuro
1053 2049 1264 2119 sarculo
1293 2063 1350 2101 se
1381 2048 1639 2115 promittit

92 2119 205 2172 Deus
231 2121 336 2174 suis
365 2118 640 2185 daturum,
672 2130 870 2175 acterna
896 2129 1041 2182 sunt,
1069 2128 1120 2173 et
1148 2118 1300 2174 benis
1332 2119 1636 2186 temporali-

90 2189 167 2241 bus
194 2191 676 2257 incomparabiliter
703 2192 945 2246 meliora.
976 2189 1305 2258 Temporalia
1333 2188 1472 2242 enim
1502 2188 1637 2243 bona

92 2258 274 2314 difficile
307 2263 691 2330 acquiruntur,
723 2271 776 2315 et
813 2260 1066 2330 acquisita
1113 2259 1265 2314 facile
1289 2258 1593 2330 dilabuntur
1622 2275 1635 2311 :

93 2339 134 2382 et
163 2345 267 2397 qua:
303 2328 464 2386 etiam
515 2331 694 2386 habita
738 2328 907 2394 sunt,
936 2344 1054 2385 cum
1099 2330 1244 2399 gravi
1285 2328 1640 2383 sollicitudine

93 2401 464 2462 custodiuntur.
497 2411 556 2456 ct
589 2418 707 2457 cum
738 2402 924 2456 dolore
965 2402 1311 2462 amittuutur,
1350 2409 1406 2455 et
1445 2400 1640 2454 amissa

93 2483 188 2542 _cutn
212 2472 349 2539 gravi
381 2472 574 2528 labore
613 2479 1009 2542 recuperantur.
1041 2470 1232 2542 Futuri
1253 2477 1430 2525 autem
1459 2469 1640 2524 steculi

93 2538 202 2611 bona
221 2538 492 2611 nunquam
519 2538 852 2608 amittuntur,
880 2556 1143 2610 nunquam
1167 2540 1496 2602 minuuntur,
1519 2554 1640 2594 cum

93 2610 253 2683 gaudio
279 2623 330 2683 et
350 2610 544 2683 quiete
571 2613 930 2682 possidentur,
955 2627 1166 2683 semper
1191 2611 1472 2683 habentur,
1499 2625 1643 2665 sem-

95 2695 170 2746 per
189 2680 584 2750 desiderantur,
603 2692 657 2738 et
685 2699 950 2752 nunquam
981 2682 1333 2736 fastidiuntur.
1366 2681 1493 2748 Qme
1520 2695 1640 2735 cum

95 2752 231 2822 semel
258 2754 372 2822 quis
398 2755 694 2822 acceperit,
725 2755 794 2808 ita
826 2767 1044 2810 securus
1068 2752 1164 2806 erit
1197 2766 1258 2805 ea
1286 2765 1344 2806 se
1372 2767 1640 2820 nunquam

95 2820 378 2943 atriissurum
399 2866 413 2886 ,
443 2820 590 2879 sicut
618 2833 796 2880 certus
821 2833 902 2878 est
929 2823 1012 2878 vel
1041 2822 1142 2878 erit
1168 2822 1256 2877 illa
1283 2835 1342 2877 se
1371 2837 1641 2892 nunquam

96 2905 144 2942 ve
177 2907 204 2943 ϐ
228 2904 490 2943 amittere-

96 2904 204 2946 velte
228 2904 490 2948 amittere.

149 2962 356 3018 CAPUT
395 2964 566 3019 XVII.
619 2963 875 3018 Promissa
915 2963 1026 3019 Dei.
1069 2961 1149 3017 Ea
1188 2962 1398 3016 nimium
1442 2961 1642 3016 deside-

97 3033 178 3104 rari
214 3050 307 3087 non
357 3045 596 3103 possunt.
631 3035 796 3089 Valde
839 3036 997 3104 igitur
1037 3033 1336 3103 diligendus
1378 3041 1461 3104 est
1506 3033 1644 3104 Deus

99 3100 138 3153 in
165 3100 424 3176 promissis
449 3107 569 3160 suis
592 3123 604 3158 :
634 3106 722 3176 qui
749 3100 937 3174 magna
962 3105 1114 3160 nobis
1138 3100 1302 3170 dedit,
1325 3102 1416 3157 sed
1445 3101 1644 3176 majora

101 3174 324 3238 proiuisit.
369 3175 628 3231 Promisit
655 3174 817 3229 nobis
844 3193 873 3229 a
904 3177 1083 3230 labore
1111 3176 1347 3244 requiem
1369 3214 1384 3238 ,
1415 3187 1444 3226 a
1474 3174 1643 3227 servi-

100 3250 188 3297 tute
224 3244 525 3300 libertatcm
551 3287 566 3311 ,
611 3262 641 3301 a
688 3247 875 3300 timore
919 3246 1294 3310 securitatem,
1339 3259 1367 3295 a
1415 3257 1644 3297 mmrore

99 3315 480 3371 consolationem
499 3356 520 3382 ,
550 3331 579 3370 a
609 3325 779 3371 morte
805 3316 1248 3372 resurrectionem
1266 3355 1280 3378 ,
1310 3322 1362 3368 et
1391 3313 1440 3366 in
1468 3327 1648 3367 resur-

102 3384 298 3464 rectione
351 3387 576 3464 plenum
627 3387 879 3464 gaudium
902 3429 925 3464 ,_
969 3401 1236 3464 summum
1274 3383 1550 3464 gaudium.
1590 3391 1646 3464 et

103 3451 390 3526 indeliciens.
426 3451 675 3525 Denique
714 3457 953 3526 promisit
988 3456 1141 3511 nobis
1171 3470 1230 3526 se
1274 3451 1474 3526 ipsum,
1507 3452 1645 3526 sicut

99 3522 258 3608 iuravit
283 3522 743 3608 patribusnostris
763 3528 1007 3608 daturum
1036 3543 1093 3608 se
1119 3525 1271 3608 nobis
1294 3523 1441 3608 (ιηςᾴ
1466 3523 1641 3608 1,75).

104 3592 418 3669 llaguazfsunt
449 3599 617 3669 igitur
645 3600 1024 3668 promissiones
1055 3597 1269 3669 Dei,ct
1298 3592 1640 3669 iueflbbiles;

103 3673 143 3737 gl
165 3681 246 3732 pro
269 3668 378 3737 his,
404 3666 551 3725 et'in
582 3666 662 3725 his
692 3669 993 3732 vult‘amari
1021 3683 1050 3721 a
1081 3666 1231 3722 nobis
1260 3667 1438 3736 aliquo
1465 3666 1642 3737 modo.

105 3731 145 3810 Si
168 3731 375 3794 modum
393 3755 643 3810 qumras,
673 3731 958 3795 vchen‘tcns
985 3738 1303 3810 desiderium
1335 3731 1644 3806 promissio-

105 3803 197 3871 nis,
225 3803 519 3865 modus'cst
546 3803 759 3863 arnor-is.
798 3808 1082 3863 l‘romissio
1112 3808 1205 3862 Dei
1237 3803 1644 3878 quantumcum-

105 3889 185 3948 que
225 3879 600 3942 desideretur,
652 3882 826 3935 minus
877 3879 1210 3934 desideratur
1254 3877 1410 3948 quam
1465 3877 1642 3948 debet.

106 3941 208 4000 Nam
236 3941 724 4020 quantunmunque
769 3951 1084 4020 profecerit,
1114 3950 1231 4020 plus
1259 3941 1435 4020 debet.
1466 3947 1646 4003 Vehe-

108 4031 228 4091 mens
253 4021 420 4091 itaque
450 4019 781 4076 desiderium
812 4022 990 4091 aliquo
1027 4019 1314 4091 mudo_non
1345 4019 1502 4091 habet
1529 4034 1646 4091 uto-

107 4083 374 4173 dlllm,eufn
409 4107 521 4173 non
564 4093 734 4173 possit
759 4107 876 4146 esse
903 4083 1306 4173 nimium..Cum
1348 4089 1398 4142 in
1440 4088 1648 4170 ca~teris

108 4156 235 4212 rebus
278 4156 609 4231 impatientia
659 4163 826 4216 soleat
871 4161 1103 4232 culpari,
1136 4162 1206 4232 in
1255 4159 1650 4232 exspectatione

109 4229 631 4305 latinepromi~sionis
661 4232 934 4305 laudabilis
959 4229 1041 4305 est
1063 4231 1351 4285 vehemens
1378 4229 1649 4305 impatien-

109 4299 162 4371 l_ia
187 4299 459 4371 dilationis.
500 4306 630 4357 Cum
675 4319 795 4357 eum
839 4302 926 4371 qui
972 4303 1088 4371 plus
1117 4308 1292 4360 amat,
1339 4308 1392 4371 et
1416 4299 1503 4367 qui
1536 4300 1650 4368 plus

108 4364 358 4442 desiderat,
389 4374 662 4427 dilationis
705 4364 1031 4442 impatientia
1063 4371 1230 4442 magis
1253 4364 1488 4442 cruciat,
1515 4364 1652 4442 spes

109 4451 203 4514 qum
223 4440 454 4514 differtur
476 4445 664 4513 affligit
687 4440 936 4502 animam,
965 4443 1079 4497 hzec
1104 4440 1279 4514 autem
1309 4441 1485 4514 omnia
1513 4441 1648 4514 bona

111 4510 151 4558 in
172 4512 356 4583 cq-lesti
387 4510 654 4568 habentur
685 4515 873 4583 patria.
910 4514 980 4567 De
1009 4514 1098 4568 illo
1133 4513 1289 4583 igitur
1315 4511 1489 4583 borio,
1508 4510 1650 4583 quod

111 4582 312 4654 omnium
352 4585 615 4639 bonorum
648 4580 913 4639 summum
944 4593 1056 4652 est,
1102 4580 1228 4654 quid
1261 4580 1344 4636 vel
1375 4582 1528 4651 quale
1558 4581 1647 4646 sit,

112 4650 302 4714 primum
327 4654 612 4710 dicendum
643 4666 742 4712 cst.

167 4717 368 4779 CAPUT
411 4725 599 4780 XVIII.
655 4726 814 4792 Quale
843 4734 888 4778 rt
931 4734 1173 4795 quantum
1221 4723 1487 4795 electorum
1526 4738 1651 4792 guu-

117 4787 244 4842 dimn.
293 4795 566 4850 Beutorum
616 4787 802 4850 incides
858 4787 1066 4849 invicem
1115 4795 1368 4864 patebunt.
1425 4787 1651 4860 Corpora

118 4872 244 4938 cruat
257 4864 461 4938 integra.
496 4867 570 4938 (a)
604 4868 905 4921 l-Lxcitemus
932 4865 1166 4938 igituriet
1195 4864 1456 4938 erigamus
1484 4872 1648 4938 totum

120 4931 403 5007 intellecttuu
431 4931 694 5001 nostrum,
729 4938 780 4991 in
817 4931 1068 5007 quantum
1096 4937 1235 4990 Deus
1267 4934 1570 5007 donaverit,
1598 4943 1651 4988 et

119 5001 369 5078 cogitemus
399 5008 556 5077 quale
581 5018 630 5062 et
658 5001 910 5078 quantum
952 5007 1238 5078 electorum
1266 5006 1334 5058 sit
1359 5005 1570 5057 unicum
1598 5012 1653 5058 et

119 5073 346 5147 singulare
386 5073 632 5147 gaudium
677 5073 844 5143 istud,
873 5077 1074 5131 scilicet
1103 5090 1264 5147 unum
1292 5085 1344 5129 et
1384 5089 1648 5147 summum

122 5135 303 5217 bonum,
344 5135 482 5217 qiiod
531 5158 612 5203 e-t
661 5149 797 5210 vita,
833 5135 970 5211 'qu,
1019 5146 1324 5211 beatitudo,
1367 5144 1647 5212 sapientia.

122 5215 430 5286 :NerniLas—et
475 5220 634 5272 inulta
680 5218 978 5286 hujusmodi
1023 5217 1197 5282 bona;
1229 5226 1284 5270 et
1328 5227 1503 5270 tamen
1544 5229 1648 5286 non

121 5283 310 5354 Osl__nisi
356 5303 566 5343 umcum
608 5298 662 5343 et
710 5283 976 5343 summum
1021 5288 1238 5354 bonum,
1289 5287 1505 5340 omnino
1547 5285 1649 5340 sibi

122 5347 384 5429 Sufﬁciens,
430 5361 573 5413 nullo
624 5359 886 5429 indigens,
931 5374 1036 5428 quo
1083 5347 1259 5411 omnia
1308 5357 1561 5429 indigent
1594 5364 1649 5408 ut

121 5427 234 5480 Smt.
267 5436 313 5477 et
344 5428 472 5484 bene
499 5431 622 5484 si:.t.
674 5425 783 5484 Hoc
819 5425 1012 5482 bonum
1043 5437 1125 5483 est
1163 5429 1301 5482 Deus
1330 5425 1517 5488 Pater,
1549 5425 1650 5479 hoc

122 5496 188 5540 est
208 5490 436 5563 Verbum,
487 5502 536 5555 id
582 5512 684 5564 cst,
735 5501 898 5554 Filius
941 5499 1148 5560 Patris;
1203 5500 1301 5551 hoc
1349 5499 1517 5566 ipsum
1568 5503 1651 5550 est

124 5567 245 5634 9mm-
269 5581 469 5624 uuus-et
494 5571 792 5628 communis
820 5569 959 5624 Patri
985 5579 1040 5623 et
1070 5569 1224 5629 Filio,
1257 5569 1458 5622 scilicet
1483 5567 1651 5634 Spiri-

126 5633 190 5681 lus
217 5650 414 5693 sanctus
452 5644 516 5699 ab
558 5652 780 5711 utroque
808 5640 1122 5712 procedens.
1157 5638 1308 5707 Quod
1348 5633 1537 5692 autem
1566 5645 1652 5692 est

127 5767 312 5889 “£0;an
329 5777 522 5830 Auseltni
545 5779 754 5842 I‘roslog.
783 5791 886 5847 cap.
912 5776 1084 5836 22-23;
1112 5791 1173 5828 ex
1201 5775 1284 5826 lib.
1310 5775 1490 5835 λιι-(111...
1508 5788 1578 5839 ea;
1597 5788 1643 5837 p.

3199 404 3306 461 862

1730 504 1966 584 singulos
1990 506 2218 584 quisque
2233 548 2248 572 ,
2279 509 2378 564 hoc
2405 517 2486 565 est
2527 520 2633 566 tota
2669 511 2898 570 Trinitas
2925 516 3104 584 simul,
3143 519 3307 578 Pater

1728 587 1782 630 et
1807 573 1973 631 Filius
2001 573 2056 631 et
2081 573 2310 660 Spiritus
2335 591 2548 635 sauctus
2577 599 2592 634 :
2621 586 2866 660 quoniam
2895 573 3133 660 singultis
3145 573 3306 660 ’qi'uél

1728 662 1831 714 que
1872 663 1976 701 non
2016 658 2098 703 est
2138 649 2286 726 aliud
2319 666 2476 726 quam
2521 649 2728 707 summe
2764 649 3210 726 simplex'unitas,
3251 670 3308 714 et

1728 731 1935 794 summe
1967 734 2068 794 una
2115 720 2458 794 simplicitas,
2489 738 2606 794 qu:_e
2651 738 2748 778 nec
2792 720 3156 794 multiplicari,
3197 720 3305 784 hec

1731 786 1871 860 aliud
1897 795 1956 860 _e_t
1999 786 2290 860 aliudes’se
2331 786 2524 860 potest.
2559 792 2724 846 Porro
2751 811 2912 847 ιιιιιιιιι
2939 786 3019 849 est
3056 786 3306 853 necessa-

1733 855 2036 926 rium(Luc.
2071 858 2255 926 κθ).
2277 855 2442 914 Porro
2471 862 2572 916 hoc
2598 874 2677 916 est
2709 863 2834 918 illud
2865 881 3023 918 unum
3056 883 3306 922 necessa-

1732 928 1865 980 rium
1884 969 1898 993 ,
1928 929 1980 983 iu
2011 944 2116 997 quo
2144 946 2302 985 omne
2327 931 2522 1003 bonum
2557 950 2570 985 ε
2604 933 2709 988 imo
2747 935 2886 1003 quod
2915 944 2999 988 e~t
3031 950 3190 993 omne
3211 980 3224 1001 ,
3253 951 3308 993 et

1731 1013 1928 1076 unum2
1957 1009 2010 1076 et
2052 1008 2216 1076 totum
2237 1040 2252 1063 ,
2281 1010 2334 1054 et
2362 1001 2790 1076 Solumbouum}
2830 1004 2883 1058 Si
2914 1007 3054 1059 enim
3096 1007 3302 1076 singula

1732 1067 1867 1143 bona
1897 1069 2229 1143 delectabilia
2267 1079 2417 1134 sunt,
2449 1073 2618 1143 Cogita
2646 1082 2846 1128 attente
2882 1091 3038 1143 quam
3066 1067 3302 1131 delecta-

1733 1137 1835 1192 bile
1863 1139 1950 1213 _sit
2001 1139 2125 1213 illud
2168 1140 2402 1206 bonum,
2449 1137 2586 1210 quod
2637 1144 2874 1198 continet
2900 1137 3302 1213 'jucunditatem

1731 1211 1968 1262 omnium
2011 1209 2302 1269 bonorum.
2336 1222 2389 1265 et
2431 1209 2534 1265 non
2567 1213 2774 1279 qualem
2820 1215 2872 1267 in
2913 1209 3071 1271 rebus
3114 1220 3307 1272 creatis

1733 1292 1917 1354 sumus
1948 1280 2174 1348 experti,
2208 1281 2302 1336 sed
2331 1291 2476 1354 muto
2516 1281 2878 1354 differenten),
2908 1295 3104 1354 quanto
3129 1287 3308 1342 diﬂ‘ert

1731 1345 1951 1422 Creator
1988 1345 2310 1422 a'creatura.
2359 1351 2413 1405 Si
2460 1353 2723 1422 enimest
2769 1345 3046 1410 bona'vita
3090 1367 3302 1422 creata;

1732 1434 1889 1542 prtam
1924 1419 2059 1474 bona
2099 1431 2181 1475 est
2207 1421 2322 1476 Vita
2362 1421 2632 1476 creatrix?
2677 1423 2732 1476 Si
2773 1424 3000 1493 jucunda
3044 1436 3124 1480 est
3162 1419 3306 1481 salus

1755 1499 1908 1542 aeta:
1951 1505 2107 1542 uuam
2153 1491 2376 1542 iucunda
2417 1502 2499 1542 est
2525 1493 2678 1542 Salus
2707 1509 2823 1542 ﬂllfl‘.
2870 1494 2992 1542 fecit
3032 1496 3306 1542 salntmn?

1755 1491 1908 1562 'acta;
1945 1505 2107 1562 quam
2147 1491 2376 1560 jucunda
2417 1502 2499 1546 est
2525 1493 2678 1547 Salus
2707 1491 2823 1562 qua:
2870 1494 2992 1549 fecit
3032 1496 3306 1551 salutem?

1733 1557 1788 1631 Si
1818 1559 2062 1615 amabilis
2099 1557 2180 1616 est
2209 1563 2463 1630 sapientia
2489 1579 2608 1616 cum
2635 1557 2936 1631 cognitione
2965 1581 3140 1620 rerum
3168 1583 3302 1621 con-

1736 1629 2004 1706 diturum;
2048 1647 2203 1706 qt_ta_m
2222 1629 2474 1706 amabilis
2513 1642 2600 1706 est
2618 1629 2884 1706 Sapientia
2917 1652 3034 1706 qua:
3071 1637 3306 1692 condidit

1736 1699 1911 1776 omnia
1940 1716 2005 1755 ex
2036 1699 2242 1776 nihilo?
2290 1702 2527 1776 Denique
2558 1699 2812 1776 simulta:
2840 1714 2892 1776 et
2917 1699 3119 1776 magna:
3155 1707 3306 1761 dele-

1736 1771 1996 1824 ctationes
2047 1781 2170 1845 sunt
2224 1773 2273 1826 in
2309 1771 3202 1845 rebusdelectabilibus;'qualis
3250 1785 3307 1832 et

1737 1850 1933 1912 quanta
1959 1849 2044 1912 est
2071 1841 2356 1896 delectatio
2386 1843 2436 1896 in
2469 1844 2560 1896 illo
2596 1845 2683 1912 qui
2717 1844 2838 1898 fecit
2867 1841 3310 1901 omnia-delecta-

1737 1908 1906 1988 bilia?
1947 1910 1992 1964 Ο
2020 1913 2112 1988 qui
2139 1913 2236 1988 hoc
2268 1908 2636 1988 bouo_f_ruetur
2655 1915 2816 1988 ,_quid
2852 1916 2922 1988 illi
2953 1917 3071 1980 erit,
3101 1918 3307 1988 etquid

1741 1979 1825 2056 illi
1844 1995 1947 2034 non
1974 1979 2115 2036 erit?
2153 1981 2588 2056 Certequidquid
2615 1979 2775 2048 volet,
2803 1985 2938 2056 erit;
2981 1997 3034 2040 et
3055 1979 3308 2056 quidquid

1740 2051 1913 2125 nolet,
1957 2067 2062 2105 non
2093 2055 2212 2125 erit.
2262 2053 2332 2106 lbi
2357 2051 2566 2122 quippe
2603 2065 2757 2108 erunt
2802 2054 2938 2108 bona
2976 2051 3215 2125 corporis
3254 2066 3312 2112 et

1740 2121 1952 2194 animm,
1997 2123 2168 2194 qualia
2213 2139 2309 2177 nec
2349 2121 2536 2177 oculus
2565 2125 2724 2194 vidit,
2775 2141 2870 2178 nec
2913 2121 3308 2194 auris—audivit,

1743 2207 1839 2246 nec
1871 2192 1920 2244 in
1949 2207 2041 2268 _cor
2066 2192 2296 2248 hominis
2322 2195 2561 2268 ascendit
2585 2196 2599 2225 ¹
2630 2193 2680 2268 _(l
2706 2194 2821 2248 Car.
2852 2211 2907 2259 ιι,
2935 2196 3013 2263 9).
3045 2196 3154 2251 Cur
3183 2192 3312 2268 ergo

1744 2275 1837 2330 per
1861 2263 2022 2334 multa
2047 2278 2294 2332 vagamur
2314 2264 2600 2332 qmercndo
2629 2266 2760 2318 bona
2786 2268 3024 2334 corporis
3044 2278 3095 2321 et
3116 2263 3309 2322 aniniaa

1743 2333 1980 2404 nostrai?
2018 2338 2272 2404 Anieums
2301 2349 2462 2388 mmm
2494 2336 2687 2388 bonum
2711 2377 2723 2396 ,
2770 2336 2820 2389 in
2852 2333 2956 2404 quo
2983 2347 3107 2392 sunt
3134 2336 3310 2392 omnia

1743 2402 1878 2456 bona
1904 2419 1917 2465 ;
1947 2413 1996 2458 et
2024 2403 2236 2476 sufficit.
2273 2404 2641 2458 Desideremus
2667 2402 2886 2476 simplex
2922 2407 3138 2473 bonum,
3168 2407 3311 2476 quod

1743 2481 1825 2525 est
1851 2487 2010 2528 omne
2053 2473 2284 2536 bonum;
2327 2483 2379 2527 et
2409 2477 2536 2528 satis
2568 2484 2666 2529 est.
2717 2475 2852 2541 Quid
2895 2477 3033 2531 enim
3065 2473 3245 2542 amas,
3278 2493 3313 2530 0

1742 2544 1910 2596 caro?
1955 2544 2079 2617 quid
2123 2543 2413 2617 desideras,
2464 2559 2496 2597 ο
2539 2545 2760 2617 anima?
2809 2546 2878 2600 lbi
2929 2556 3010 2600 est
3056 2546 3312 2617 quidquid

1743 2626 1920 2686 amas,
1955 2613 2209 2686 quidquid
2236 2613 2528 2686 desideras.
2565 2614 2704 2686 Bona
2738 2631 2864 2684 ergo
2892 2617 3036 2686 regni
3076 2613 3312 2672 cwlestis

1744 2682 1922 2736 dicere
1964 2685 2044 2737 vel
2089 2682 2323 2752 cogitare
2368 2684 2448 2737 vel
2495 2682 2892 2753 intelligerent
2931 2682 3087 2752 sunt,
3136 2687 3314 2741 nullus

1745 2760 1919 2822 potest
1947 2768 2107 2808 carne
2137 2754 2356 2808 vestitus
2393 2771 2405 2806 :
2453 2754 2620 2807 multo
2661 2755 2801 2808 enim
2852 2755 3050 2822 majora
3092 2766 3217 2811 sunt
3258 2766 3315 2813 et

1744 2823 1986 2887 meliora,
2017 2840 2173 2893 quam
2203 2840 2321 2892 qua:
2349 2825 2644 2895 cogitamus
2677 2835 2769 2879 aut
2797 2825 3158 2895 intelligimus.
3203 2827 3312 2882 lle-

1745 2909 1901 2962 gnum
1933 2910 2157 2964 namque
2181 2895 2272 2949 Dei
2302 2896 2444 2947 omni
2485 2894 2618 2948 fama
2652 2896 2824 2962 majus
2851 2906 2954 2961 est,
2982 2894 3127 2952 Omni
3154 2897 3313 2953 laude

1747 2965 1964 3029 melius,
2005 2966 2148 3018 omni
2189 2965 2406 3050 scientia
2449 2965 2925 3050 inn-umerabilius,
2971 2969 3118 3050 omqi
3142 2967 3312 3050 gloria

1746 3050 1864 3102 quae
1890 3045 2107 3107 putatur
2130 3035 2493 3107 excellentius:
2525 3035 2784 3104 Regnum,
2818 3038 3052 3104 inquam,
3083 3035 3173 3092 Dei
3203 3036 3315 3107 ple-

1747 3121 1871 3177 num
1899 3115 1980 3160 est
2010 3106 2142 3159 lucis
2167 3120 2230 3159 ac
2258 3105 2719 3177 pacispcharitatis
2744 3116 2795 3160 et
2820 3108 3110 3177 sapientiae,
3141 3105 3314 3165 hone-

1745 3175 1896 3246 statis
1924 3185 1978 3246 et
2019 3177 2218 3246 glorite,
2256 3175 2551 3231 dulcedinis
2579 3186 2631 3230 et
2669 3175 2988 3242 dilectionis,
3019 3179 3217 3232 laetitia:
3255 3188 3312 3234 et

1747 3244 2087 3318 beatitudinis
2117 3247 2384 3318 perennis,
2413 3255 2464 3300 ct
2493 3247 2665 3318 omnis
2691 3247 2810 3318 boui
2841 3247 3144 3315 ineffabilis,
3170 3250 3313 3318 quod

1746 3330 1844 3370 nec
1867 3315 1968 3370 dici
2006 3331 2104 3370 nec
2130 3317 2346 3385 cogitari
2375 3324 2567 3385 potest.
2615 3316 2720 3372 Nec
2768 3317 2886 3371 ideo
2929 3327 3101 3372 tamen
3141 3315 3316 3375 debeo

1746 3387 2063 3458 taceretsed
2092 3387 2268 3458 dicere
2296 3397 2548 3458 quantum
2580 3388 2750 3458 valeo,
2784 3391 2903 3457 quia
2937 3389 3115 3444 dicere
3148 3404 3318 3458 quau—

1748 3463 1856 3527 tum
1885 3457 2005 3510 volo
2036 3472 2139 3512 non
2170 3455 2336 3527 valeo.
2384 3455 2564 3526 Neque
2599 3457 2741 3512 enim
2769 3455 2889 3527 quia
2921 3459 3089 3514 Deum
3132 3455 3316 3514 ineffa-

1747 3525 1903 3598 bilem
1953 3527 2254 3598 credimus,
2304 3525 2510 3598 fariide
2559 3527 2650 3598 illo
2699 3525 2837 3596 and
2886 3545 3165 3598 possumus
3207 3545 3315 3584 non

1745 3595 2021 3670 debemus.
2052 3597 2123 3651 lta
2151 3613 2278 3670 sane
2304 3605 2352 3650 et
2381 3597 2496 3666 plus
2522 3595 2770 3653 credatur
2793 3595 2972 3670 deAilla
2996 3601 3121 3670 vita,
3155 3615 3316 3670 quam

1746 3668 2033 3730 scribitur;
2078 3669 2198 3737 quia
2231 3682 2332 3721 non
2361 3665 2531 3735 potest
2559 3677 2758 3722 tantum
2792 3665 2913 3723 inde
2945 3665 3316 3738 proferri'ser-

1747 3753 1939 3804 mone,
1972 3750 2226 3809 quantum
2268 3747 2440 3806 potest
2485 3749 2660 3794 mente
2688 3739 3006 3808 complecti;
3049 3750 3102 3794 et
3142 3741 3316 3797 minus

1747 3807 2189 3878 coucipitinentis
2215 3807 2459 3862 humana:
2483 3807 2867 3876 quantumlibet
2893 3810 3145 3878 profunda
3169 3826 3319 3866 com-

1750 3879 1952 3950 plexio,
1982 3896 2138 3948 quam
2170 3895 2228 3950 se
2267 3878 2460 3950 habeat
2489 3879 2650 3946 ipsius
2692 3881 2766 3950 rei
2809 3880 3130 3947 magnitudo.
3175 3880 3318 3950 Ergo

1749 3949 1920 4019 futura
1955 3950 2057 4001 vita
2086 3949 2332 4003 credatur
2365 3948 2514 4002 beate
2553 3949 2870 4019 sempiterna
2904 3960 2956 4002 et
2993 3948 3316 4019 sempiterue

1750 4018 1902 4072 beata
1933 4036 1945 4070 :
1979 4019 2062 4073 ubi
2101 4026 2186 4072 est
2225 4027 2364 4072 certa
2402 4018 2680 4088 securitas,
2719 4034 2904 4071 secura
2945 4018 3314 4088 tranquillitas,

1753 4089 2034 4158 tranquilla
2071 4088 2391 4158 iucunditas,
2418 4087 2560 4158 felix
2600 4089 2888 4150 mternitas,
2917 4087 3113 4143 aeterna
3145 4089 3314 4144 felici-

1752 4167 1831 4212 tas
1855 4176 1868 4222 ;
1892 4157 1998 4213 ’ubi
2027 4157 2176 4212 amor
2202 4166 2278 4211 cst
2310 4157 2591 4225 perfectus,
2621 4159 2776 4212 timor
2802 4159 2996 4223 nullus,
3024 4159 3137 4214 dies
3161 4167 3317 4214 aiter-

1753 4244 1887 4294 nus,
1933 4230 2110 4282 alacer
2158 4237 2365 4292 motus,
2411 4236 2464 4280 el
2507 4243 2640 4280 unus
2688 4231 2922 4281 omnium
2967 4230 3203 4297 spiritus,
3250 4231 3318 4285 de

1752 4301 2196 4367 contemplatione
2223 4297 2314 4368 Dei
2340 4297 2418 4350 sui
2441 4340 2456 4362 ,
2492 4312 2555 4352 ac
2583 4297 2655 4368 de
2684 4311 2777 4352 sua
2804 4315 2922 4352 cum
2950 4299 3039 4352 illo
3066 4316 3316 4368 perman-

1752 4369 1902 4424 sione
1926 4385 2180 4432 sccurus;
2228 4367 2313 4421 ubi
2343 4367 2453 4437 ipsa
2493 4367 2696 4434 civitas,
2727 4385 2845 4439 qua:
2882 4379 2964 4424 est
2998 4367 3318 4440 Angelorum

1753 4439 1987 4493 omnium
2015 4449 2171 4510 atque
2198 4445 2500 4510 sanctorum
2525 4440 2932 4510 raugrcgatioue
2962 4439 3132 4502 beata,
3161 4441 3320 4495 meri-

1757 4511 1822 4564 tis
1867 4509 2187 4580 fulgentibus
2235 4508 2430 4572 micat;
2483 4509 2568 4580 ubi
2617 4508 2811 4563 aeterna
2858 4510 3000 4565 salus
3041 4511 3317 4579 exuberat,

1755 4579 1959 4636 veritas
1975 4590 2193 4651 regnat;
2227 4581 2318 4651 ubi
2350 4595 2447 4634 nec
2481 4579 2610 4634 fallit
2639 4581 2936 4649 quisquam,
2962 4596 3060 4634 nec
3087 4581 3318 4645 fallitur;

1755 4652 1896 4706 unde
1921 4649 2105 4706 beatus
2132 4649 2306 4704 nullus
2339 4650 2545 4718 cjicilur
2569 4666 2582 4714 ;
2628 4651 2714 4703 ubi
2743 4651 2915 4704 nullus
2942 4651 3104 4705 miser
3127 4651 3320 4706 admit-

1755 4721 1900 4777 titur.
1927 4722 2050 4775 llarc
2082 4731 2162 4775 cst
2189 4722 2594 4789 contemplativa
2620 4722 2721 4774 vita
2764 4721 2934 4782 beata,
2958 4719 3022 4773 ad
3051 4737 3206 4790 quam
3230 4723 3321 4791 qui

1753 4791 2012 4846 bonorum
2042 4808 2261 4862 opermn
2285 4791 2740 4862 consummatione
2770 4791 3129 4862 pervenerint,
3155 4793 3324 4847 beatis

1754 4863 1953 4917 similes
1983 4860 2154 4932 erunt,
2182 4870 2235 4914 et
2269 4860 2431 4932 simul
2455 4876 2574 4912 cum
2603 4860 2709 4932 Deo
2739 4861 2984 4932 sinerline
3009 4864 3322 4932 regnabunt.

1755 4934 1904 4999 Quod
1932 4942 2107 4986 autem
2147 4931 2231 4984 hic
2257 4930 2612 4993 crediderunt,
2639 4931 2706 4984 ibi
2737 4931 2990 4985 videbunt
3015 4948 3027 4983 :
3058 4930 3137 4986 sui
3164 4933 3326 4987 Crea-

1756 5004 1885 5058 toris
1915 5001 2261 5057 substantiam
2294 4999 2654 5072 mundissimis
2688 5001 2934 5056 cordibus
2959 5005 3326 5072 contemplan-

1756 5083 1855 5138 trs,
1884 5081 2078 5126 acterna
2121 5070 2466 5125 exsultatione
2489 5071 2808 5138 gaudebunt,
2835 5073 3026 5126 divina:
3048 5070 3326 5128 ebaritatis

1754 5154 1808 5199 et
1830 5155 2022 5196 mutua:
2044 5141 2340 5195 dilectionis
2366 5141 2699 5209 possessione
2719 5144 2824 5196 Deo
2847 5158 2944 5196 suo
2967 5145 3016 5196 in
3042 5154 3321 5209 :rternum,

1754 5225 1807 5269 et
1836 5215 2060 5268 invicem
2099 5214 2199 5266 sibi
2227 5211 2606 5265 adita-vehunt:
2651 5214 2877 5280 receptis
2917 5230 3036 5268 cum
3083 5215 3323 5267 incorru-

1757 5286 1934 5354 ptiuue
1957 5291 2113 5352 atque
2137 5283 2528 5354 immortalitate
2553 5285 2883 5353 corporibus,
2909 5283 3283 5354 municipatum
3301 5283 3322 5312 ⁸

1757 5351 1938 5423 patria!
1961 5354 2191 5408 cmlestis
2211 5353 2493 5421 accipient,
2518 5351 2672 5420 alqui-
2694 5355 2807 5422 ejus
2831 5355 2879 5406 iu
2902 5364 3158 5407 a-ternum
3180 5351 3325 5423 cives

1754 5420 1923 5479 effecti
1953 5424 2165 5492 pra-mia
2209 5420 2464 5492 promissa
2508 5420 2868 5493 rrportalnmt.
2905 5423 2975 5475 lbi
3007 5423 3082 5473 ris
3104 5420 3324 5493 _exube-

1756 5497 1886 5550 rabit
1916 5489 2056 5548 tanta
2081 5489 2282 5555 lzetitia,
2308 5504 2447 5547 tanta
2479 5489 2770 5548 (ξατῙι-διὶιιιιι
2794 5493 2958 5561 gratia
2983 5489 3323 5559 gaudiorum,

1756 5577 1812 5620 ut
1837 5576 1890 5619 et
1913 5566 2295 5619 rerunnrramri
2325 5582 2421 5618 suo
2461 5579 2556 5632 pro
2598 5564 2752 5617 tantis
2785 5562 3092 5614 iuunerilms
3129 5561 3328 5632 gratias

1754 5647 1930 5707 agant,
1953 5650 2007 5690 et
2034 5637 2236 5690 nullum
2274 5631 2536 5688 fastidium
2560 5652 2622 5688 ex
2650 5635 2680 5688 i:
2702 5649 2759 5686 sa
2780 5632 3012 5684 affluenti
3035 5631 3325 5702 gratiarum

1819 5776 1831 5805 ¹
1873 5773 2002 5832 ,λιιιιά
2029 5771 2250 5820 Auselmu
2269 5784 2316 5828 ιι,
2343 5783 2427 5835 ηερ
2449 5781 2537 5835 «ξος
2570 5764 2771 5835 (taurinis
2793 5764 3037 5830 cogitarit.

1819 5839 1836 5868 ²
1875 5827 1953 5886 ars.
1981 5838 2171 5897 licgitts,
2199 5845 2367 5882 munus
2390 5827 2685 5892 inde/idem.
