3834 6276
490 397 594 456 Βᾶδ

491 509 860 574 bonorumque
895 500 1234 574 perceptione
1256 499 1574 574 sustineant.
1600 498 1673 553 lbi
1713 497 1791 574 ita
1819 498 2077 574 patebunt

493 568 820 646 singulorum
847 568 1072 646 singulis
1093 582 1320 646 mentes,
1346 571 1483 646 sicut
1513 568 1875 646 corporalibus
1903 569 2074 624 oculis

496 639 774 715 sub'jacent
796 639 958 698 facies
978 642 1324 715 corporales;
1368 641 1486 715 quia
1525 639 1874 715 humanorum
1900 649 2080 715 pecto-

496 708 612 770 runi
657 723 803 769 tanta
831 715 932 768 erit
959 714 1028 766 ibi
1059 708 1118 766 et»
1151 722 1255 765 tam
1297 711 1526 780 perfecta
1571 708 1850 773 munditia,
1887 719 1943 762 ιιι
1980 709 2077 762 ba-

496 788 655 841 beant
701 785 838 838 unde
879 783 1179 838 mundatori
1215 779 1310 834 suo
1351 781 1549 848 gratias
1589 788 1766 848 agant,
1792 795 1896 832 non
1939 779 2079 834 unde

495 856 686 910 otl'ensi
723 854 988 924 aliquibus
1017 854 1032 883 ⁸
1065 851 1313 904 sordibus
1345 859 1680 918 peceatorutu
1717 849 2034 903 erubescant
2061 870 2075 905 :

503 927 626 994 quia
660 925 728 978 ibi
760 939 854 978 uec
898 923 1004 994 ulla
1030 931 1266 990 peccata,
1311 934 1409 973 nec
1446 929 1750 988 peceatores
1789 929 1982 994 erunt;
2027 928 2081 974 ct

502 988 571 1049 ibi
601 996 688 1066 qui
737 995 950 1066 fuerint,
988 988 1096 1066 jam
1127 1004 1482 1066 peccarettmt
1515 997 1785 1058 poterunt.
1814 988 1922 1066 Nec
1951 989 2082 1066 late:

505 1067 580 1119 bit
603 1059 710 1133 jam
739 1059 1402 1133 perfectebeatosaliquid
1423 1069 1776 1133 secretorum,
1805 1060 1914 1133 qui,
1940 1060 2080 1128 quod

503 1145 586 1188 est
604 1130 951 1203 'przcstantius
977 1131 1152 1203 longe,
1186 1132 1356 1203 ipsum
1387 1130 1550 1203 visuri
1576 1140 1692 1184 sunt
1729 1130 1940 1182 mundis
1965 1144 2082 1203 cor-

498 1200 652 1257 dibus
684 1205 846 1256 Deum
892 1220 905 1255 :
957 1201 1390 1270 quandoquidem
1443 1200 1670 1252 humana
1721 1209 1963 1252 creatura
2013 1201 2082 1253 ita

502 1274 738 1342 perfecta
774 1273 892 1338 erit,
928 1280 984 1324 ut
1022 1273 1075 1342 in
1113 1272 1302 1324 melius
1333 1279 1422 1322 aut
1463 1271 1512 1322 iu
1543 1271 1779 1342 deterius
1805 1270 1938 1342 ultra
1957 1286 2084 1342 tuu-

503 1339 599 1398 tari
643 1359 747 1395 non
792 1342 977 1410 possit.
1009 1340 1172 1408 Cujus
1213 1342 1457 1393 butnanee
1499 1341 1806 1393 substantia:
1841 1340 1906 1393 ad
1943 1339 2086 1397 Con-

499 1413 795 1484 tlitorissui
824 1411 1227 1466 similitudinem
1255 1410 1574 1475 sublitnatte,
1598 1411 2085 1484 omnia-bonaqum

507 1483 822 1536 naturaliter
845 1491 1059 1550 accepta
1097 1489 1415 1552 corruperat
1443 1479 1732 1552 peccando,
1757 1479 2085 1552 reparttbitn-

507 1565 593 1607 tur
621 1554 672 1606 in
699 1553 912 1616 melius,
941 1553 990 1605 id
1012 1560 1114 1614 est,
1141 1551 1442 1606 intellectus
1466 1550 1582 1607 sine
1601 1567 1803 1617 errore,
1820 1550 2086 1608 memoria

506 1623 624 1677 sine
657 1621 945 1686 oblivione,
989 1621 1238 1692 cogitatio
1264 1621 1383 1678 sine
1421 1624 1815 1692 pervagatione,
1857 1624 2088 1679 charitas

511 1693 630 1750 sine
663 1692 1021 1758 simulatione,
1045 1691 1235 1746 sensus
1259 1692 1374 1747 sine
1397 1691 1710 1758 oll'ensioue,
1754 1695 2088 1748 incolumitas

506 1765 627 1819 sine
670 1763 962 1828 debilitate,
1011 1763 1153 1817 salus
1193 1764 1310 1818 sine
1351 1762 1560 1827 dolore,
1591 1764 1697 1817 vita
1736 1765 1850 1818 sine
1893 1776 2084 1829 utortc,

506 1835 734 1890 facilitas
761 1835 875 1888 sine
914 1833 1317 1903 impedimento,
1345 1833 1592 1886 saturitas
1632 1835 1746 1887 sine
1775 1835 2012 1899 fastidio,
2036 1843 2090 1888 et

509 1915 620 1958 tota
646 1904 844 1959 sanitas
869 1905 986 1957 sine
1029 1903 1235 1957 morbo.
1283 1903 1545 1969 Quoniam
1573 1905 1827 1972 quidquid
1860 1904 1944 1958 Itic
1991 1906 2088 1957 htt-

509 1977 681 2029 tnauis
727 1975 1038 2042 corporibus
1083 1974 1274 2028 vitiatis
1316 1983 1407 2027 aut
1450 1973 1681 2027 terarum
1729 1990 1958 2037 morsus,
2000 1984 2090 2028 aut

509 2045 780 2115 improvisi
803 2058 958 2099 casus
982 2043 1316 2109 abstulerint,
1335 2052 1427 2097 aut
1449 2044 1706 2098 malarum
1729 2045 2088 2100 valetudinutu

572 2174 588 2205 ί
624 2174 696 2224 sic
721 2181 822 2223 Mss.
857 2181 910 2222 At
945 2173 1082 2234 editi,

1941 372 2300 436 APPENDIX.
3609 367 3687 428 ΒΜ

2181 505 2376 562 genera
2405 489 2609 562 diversa
2651 487 3031 562 decerpserint,
3077 484 3416 562 aut_'_ltuma_ua
3448 482 3682 562 crudelitas

2183 555 2554 631 amputaverit,
2593 568 2683 631 aut
2713 559 2865 628 ignis,
2913 568 3003 631 aut
3037 556 3283 624 qumlibet
3306 555 3402 609 alia
3431 569 3508 631 res
3531 556 3684 631 aliquid

2182 624 2468 685 debilitatis
2517 624 2786 692 intulerii,
2837 638 2928 681 aut
2974 629 3082 696 ipsa
3115 636 3367 696 senectus
3395 624 3539 679 etiam
3577 627 3690 680 sanis

2183 717 2409 755 onerosa
2439 701 2747 768 negaverit;
2796 699 2909 751 lucc
2938 694 3097 766 atque
3129 698 3209 749 Itis
3235 694 3432 768 similia-
3462 708 3691 761 corporum

2183 772 2372 824 damna
2406 767 2522 823 uua
2563 769 2631 822 ibi
2664 771 2982 822 resurrectio
3012 767 3296 834 reparabit,
3344 775 3490 834 atque
3522 779 3574 816 ea
3599 779 3691 816 cor-

2186 856 2314 909 pora
2367 840 2620 893 membris
2670 839 2915 892 munibus
2969 833 3294 909 instaurata,
3342 833 3698 909 incorruptibilis

2185 903 2386 964 sanitas
2434 909 2709 962 obtinebit.
2767 910 3051 976 Propterea
3094 906 3411 976 quicumque
3451 911 3592 976 erunt
3625 903 3697 970 ibi.

2185 982 2284 1034 etsi
2317 979 2679 1033 differentibus
2725 973 2929 1031 meritis
2975 978 3043 1030 ab
3091 973 3316 1048 invicem
3334 973 3697 1048 distabunt,(a)

2185 1065 2372 1104 omnes
2405 1062 2579 1103 tamen
2613 1065 2713 1101 una
2747 1048 3075 1116 pet'l'titiune
3101 1046 3243 1105 beati
3273 1059 3455 1111 erunt;
3492 1051 3596 1118 quia
3617 1046 3696 1102 sin;

2187 1121 2327 1190 gulis
2355 1120 2567 1190 praemia
2602 1134 2712 1177 sua
2741 1118 3056 1176 sni'l'ieieutia
3087 1130 3262 1174 erunt.
3291 1121 3435 1175 Sicut
3465 1119 3591 1190 enini
3612 1134 3698 1190 eor-

2189 1191 2384 1259 poralis
2439 1189 2658 1246 satietas
2710 1208 2898 1247 omnes
2946 1199 3213 1244 Saturatos
3265 1191 3525 1259 :cqualitcr
3566 1189 3700 1249 habet;

2187 1258 2428 1333 Quamvis
2467 1263 2656 1331 singuli
2696 1263 2872 1333 cibuat
2907 1278 3012 1314 tton
3056 1260 3364 1333 mqualiter,
3395 1258 3480 1311 sed
3503 1273 3588 1333 pri)
3615 1273 3704 1333 pos.

2189 1327 2440 1387 sibilitatc
2484 1327 2744 1401 caipcriut
2781 1350 2794 1384 :
2846 1332 2914 1384 ita
2962 1327 3151 1401 mtmcs
3184 1329 3386 1401 sancti,
3425 1329 3516 1401 etsi
3549 1327 3708 1401 iuerint

2189 1404 2364 1473 aliqua
2413 1398 2686 1473 gradtittttr
2724 1417 2960 1454 suurutn
2991 1400 3301 1473 diversitate
3341 1398 3595 1473 distincti,
3621 1413 3709 1473 .utta

2195 1465 2521 1526 beatitudine
2569 1469 2786 1540 perfecti
2818 1480 3011 1532 erunt;
3059 1472 3180 1538 quia
3201 1480 3264 1523 et
3299 1483 3400 1521 una
3432 1465 3710 1540 perleclittnc

2193 1543 2330 1596 beati
2375 1541 2534 1595 futuri
2566 1537 2708 1594 sunt.
2740 1541 3004 1595 Ca-trrum
3033 1537 3085 1593 iu
3128 1540 3212 1592 illa
3246 1547 3404 1592 tanta:
3432 1537 3713 1590 beatitudinis

2193 1614 2410 1682 regione
2450 1628 2546 1664 nee
2576 1613 2789 1679 majoris
2837 1610 3010 1663 meriti
3039 1609 3160 1682 sibi
3187 1607 3384 1676 aliquid
3427 1605 3712 1682 arrogabutu,

2191 1676 2312 1752 quia
2343 1676 2757 1750 arrogantia—ibi
2802 1681 3075 1752 mtllarerit
3096 1696 3131 1752 :7
3159 1695 3268 1752 nec
3309 1676 3637 1746 superioribus
3657 1676 3717 1752 in-

2195 1746 2413 1806 feriores
2435 1746 2763 1814 itividebunt,
2780 1752 2910 1817 quia
2935 1751 3003 1803 ibi
3029 1750 3242 1803 invidus
3268 1763 3388 1803 esse
3415 1762 3511 1800 non
3537 1746 3714 1817 poterit:

2193 1831 2246 1875 et
2276 1822 2519 1876 ideo-etsi
2547 1822 2648 1874 erit
2689 1822 2756 1875 ibi
2787 1816 3034 1874 distantia
3065 1820 3428 1883 mansionum,
3471 1830 3650 1868 summa
3677 1816 3716 1867 in

2195 1893 2297 1946 illis
2341 1893 2442 1946 erit
2487 1893 2641 1945 unius
2690 1891 3025 1960 perfectionis
3069 1890 3349 1960 azqualitas
3377 1929 3393 1956 ,
3439 1887 3609 1957 quibus
3642 1884 3718 1939 erit

2193 1963 2340 2032 regni
2369 1962 2602 2017 cwlestis
2629 1978 2730 2015 una
2763 1961 3011 2016 felicitas.

2193 2189 2226 2225 η
2256 2116 2329 2177 (tt)
2377 2124 2490 2175 Qua:
2533 2123 2817 2178 supersunt,
2865 2127 2927 2164 ex
2967 2125 3064 2164 uno
3104 2125 3135 2162 e
3159 2117 3408 2173 318$.ch.
3451 2109 3630 2170 primm
3657 2105 3720 2153 day

2227 2190 2328 2225 ius.

2227 2190 2328 2226 “IS;

1617 2382 2678 2497 ADMONITIO

1600 2577 1693 2638 ΙΝ·
1723 2577 2345 2654 SUBSEQUENTEM
2388 2578 2735 2638 LIBRUM-

589 2717 878 2788 Soliloquia
908 2716 975 2771 ab
1001 2717 1292 2788 Augustino
1317 2718 1608 2788 composita
1631 2728 1890 2773 memorat
1916 2718 2186 2772 Possidius
2213 2717 2546 2784 iu-lttdiculo,
2576 2733 2705 2787 cap.
2727 2717 2793 2781 6;
2827 2725 2892 2770 et-
2915 2731 2977 2771 ea
3017 2723 3267 2770 recenset
3306 2714 3606 2784 Augustinus
3627 2713 3731 2781 ipse,

515 2811 610 2865 lib.
648 2810 670 2862 ί
702 2808 970 2874 lletract.,
995 2823 1111 2878 cap.
1143 2809 1301 2873 4,sed
1332 2825 1452 2879 quae
1480 2811 1743 2865 scribendi
1774 2810 2026 2864 ntetltoJo
2047 2819 2101 2864 et
2131 2811 2426 2880 argumenti
2459 2809 2664 2863 ratione
2689 2809 2819 2862 satis
2851 2808 3219 2874 intelliguntur
3254 2807 3411 2875 longe
3433 2805 3620 2862 diversa
3645 2817 3731 2860 esse

513 2901 582 2955 ab
610 2916 770 2969 opere
798 2899 1170 2968 subsequente,
1189 2911 1349 2970 atque
1378 2900 1562 2954 eadem
1592 2903 1745 2970 plane
1770 2917 1831 2954 ac
1861 2901 1945 2954 illa
1974 2917 2092 2971 qua:
2115 2903 2164 2955 itt
2194 2903 2362 2971 primo
2394 2911 2537 2955 tomo
2561 2909 2772 2956 ex5lant
2802 2901 2940 2954 inter
2967 2901 3163 2970 primas
3184 2899 3363 2970 ipsius
3388 2898 3732 2952 lucubrationes.

518 2993 586 3046 lis
613 2991 754 3046 enim
787 2991 918 3045 duos
949 2992 998 3044 itt
1028 2992 1190 3046 libros
1219 2991 1534 3055 distributis,
1565 3003 1618 3047 et
1647 2993 1840 3063 dialogi
1871 2991 2038 3046 forma
2065 2993 2407 3063 conscriptis,
2439 3009 2535 3048 cur
2559 2991 2867 3062 Soliloquiis
2885 3007 3090 3047 nomen
3125 2993 3314 3047 fecerit
3343 2990 3654 3060 Augustinus,
3682 2985 3732 3038 sic

516 3085 569 3138 itt
599 3082 784 3137 eodem
815 3082 1266 3137 Retractatiunum
1295 3085 1466 3153 capite
1493 3083 1684 3139 docet:
1720 3085 1933 3154 Scripti,
1959 3086 2056 3150 ait,
2089 3083 2189 3138 duo
2219 3084 2568 3138 volantium...
2601 3084 2664 3139 de
2707 3084 2784 3139 Itis
2810 3085 2976 3148 rebus,
2994 3101 3118 3154 quas
3135 3084 3358 3137 maxime
3377 3083 3498 3136 scire
3516 3080 3732 3151 cupiebam

518 3193 596 3230 me
625 3177 940 3246 interrogans
987 3176 1208 3245 mihique
1235 3176 1564 3246 respondens,
1589 3187 1827 3246 tanquam
1849 3176 1950 3229 duo
1970 3192 2210 3243 essemus,
2246 3176 2396 3231 Ratio
2419 3185 2464 3230 et
2490 3193 2602 3247 ego,
2627 3193 2740 3230 cum
2789 3176 2928 3230 solus
2957 3193 3143 3240 essent;
3178 3175 3317 3228 unde
3344 3175 3435 3228 ltoc
3481 3190 3594 3243 opus
3629 3170 3730 3226 Soli-

515 3268 686 3336 loquia
712 3268 982 3320 nominavi.
1015 3268 1148 3322 Tum
1195 3267 1314 3322 inde
1339 3308 1352 3332 ,
1382 3284 1512 3337 quas
1544 3267 1595 3321 in
1629 3269 1798 3337 primo
1829 3268 1984 3334 libro,
2013 3283 2143 3337 quas
2198 3269 2250 3322 in
2279 3268 2514 3323 secundo
2565 3269 2889 3338 qumstiones
2941 3269 3187 3331 moverit,
3217 3283 3414 3337 quzeve
3455 3268 3503 3320 in
3539 3268 3604 3319 iis-
3629 3265 3728 3317 dicta

519 3360 772 3429 repererit
802 3360 977 3413 minus
1001 3360 1290 3430 probanda,
1319 3360 1530 3414 disertis
1559 3361 1734 3414 verbis
1757 3359 1994 3414 declarat
2019 3377 2033 3414 :
2059 3375 2228 3430 eaque
2253 3361 2430 3414 omnia
2459 3360 2510 3413 in
2542 3359 2849 3429 Soliloquiis
2875 3358 3142 3428 praedictis
3171 3360 3331 3427 primi
3363 3359 3484 3412 tomi
3505 3356 3737 3424 deprehen-

518 3449 737 3512 duntur,
763 3457 922 3518 atque
954 3450 1016 3502 iis
1042 3451 1168 3503 solis
1197 3451 1539 3504 conveniunt.
1573 3451 1812 3503 Alterum
1841 3466 1906 3504 ex
1937 3449 2122 3504 iisdem
2150 3451 2558 3520 Soliloquiorum
2591 3451 2736 3504 libris
2764 3451 2891 3505 citat
2919 3449 3105 3504 Florus
3134 3465 3238 3504 seu
3282 3451 3423 3505 Beda
3466 3449 3667 3518 vulgatus
3692 3444 3735 3494 atl

523 3540 540 3594 I
565 3539 689 3593 Cor.
717 3554 831 3592 χιιι.
862 3539 1120 3592 Cancrum
1151 3539 1266 3592 libri
1289 3537 1681 3608 subsequentis,
1709 3538 1792 3592 cui
1833 3539 1876 3593 si
1909 3554 2012 3593 nou
2044 3539 2242 3609 inepte,
2273 3540 2490 3594 minime
2521 3550 2695 3594 tamen
2722 3539 2960 3595 eamdem
2991 3539 3059 3594 ob
3087 3554 3307 3596 causam
3349 3541 3555 3594 inditum
3593 3535 3735 3590 Solib-

519 3631 766 3701 quierunt
800 3645 1016 3697 nomen,
1051 3631 1226 3684 nullus
1256 3639 1492 3685 veterum
1523 3639 1646 3684 ante
1669 3645 1840 3685 annos
1866 3629 2004 3686 forte
2031 3632 2370 3702 quingentos,
2397 3632 2592 3687 ttedum
2615 3633 2730 3702 ipse
2759 3633 3103 3702 Augustinus,
3136 3634 3451 3688 meminisse
3471 3645 3657 3699 usquam
3678 3643 3734 3694 pn-

522 3723 642 3776 tuit.
667 3723 872 3792 Quippe
900 3723 1165 3776 recentius
1184 3723 1250 3777 ab
1277 3723 1478 3776 incerto
1497 3730 1714 3776 auctore
1744 3722 2000 3777 collectus
2022 3731 2122 3787 est,
2152 3739 2256 3777 non
2279 3724 2438 3778 modo
2464 3740 2529 3778 ex
2553 3724 2867 3793 Augustino,
2901 3723 3049 3778 libris
3075 3724 3376 3792 prmsertim
3406 3719 3732 3775 Confessiututtt

523 3813 710 3883 ipsius,
743 3812 836 3868 sed
865 3813 1024 3867 etiam
1051 3830 1115 3867 ex
1147 3814 1366 3884 Ilugoue
1396 3814 1687 3879 Victorino,
1722 3814 1858 3870 libro
1883 3814 1949 3869 de
1976 3815 2148 3870 Arrlta
2177 3817 2389 3881 animat,
2424 3816 2688 3886 habetque
2709 3817 2758 3870 itt
2783 3817 3053 3885 trigesimo
3087 3815 3328 3870 secundo
3348 3815 3514 3885 capite
3535 3814 3728 3866 inserunt!

522 3913 682 3974 caput
711 3904 936 3973 primttm
967 3903 1182 3958 Coucilii
1218 3905 1590 3958 Laterauensis
1619 3905 1815 3974 quarti,
1845 3904 2059 3960 circiter
2087 3919 2178 3958 an.
2211 3904 2350 3960 1198
2385 3907 2570 3967 habiti,
2602 3906 2778 3974 paucis
2805 3905 3391 3976 praetertmssisverbis
3419 3905 3511 3972 (α).
3553 3903 3731 3969 Magum"

522 4013 686 4068 porro
715 3997 1120 4050 consensionem
1152 3995 1538 4050 etaninitatem
1569 3997 1619 4049 in
1651 4011 1716 4052 eo
1755 3996 1990 4066 reperies
2021 4012 2143 4051 cum
2190 3997 2456 4067 plerisque
2495 3997 2834 4052 collectaneis
2868 3997 3134 4067 opusculis
3175 3996 3402 4066 hujusce
3443 3992 3731 4064 Appcntlitfis;

523 4091 725 4145 scilicet
747 4105 867 4143 cum
885 4089 1033 4143 libris
1061 4088 1128 4143 de
1152 4087 1350 4158 Spiritu
1377 4097 1431 4142 ct
1456 4089 1666 4154 Anima,
1685 4088 1824 4144 etde
1855 4087 2130 4158 Diligendo
2153 4088 2282 4150 Deo,
2300 4104 2419 4143 cum
2447 4088 2690 4154 Manuali,
2715 4099 2817 4144 etc.
2849 4089 2962 4143 Przc
2987 4090 3193 4144 αυιοιὶε
3214 4105 3346 4144 vero
3373 4088 3438 4142 ad
3463 4083 3730 4142 excitandum

527 4181 620 4236 Dei
643 4195 875 4234 amorem
902 4189 1260 4248 comparatus,
1291 4194 1354 4234 ac
1379 4179 1477 4248 piis
1506 4195 1630 4249 erga
1659 4180 1831 4250 ipsum
1855 4178 2130 4234 affectibus
2160 4178 2510 4234 refertus-est.
2543 4179 2862 4249 Castigatior
2889 4179 2974 4233 ltie
3001 4178 3216 4234 demum
3243 4177 3516 4234 exhibetur
3537 4178 3621 4231 iste
3643 4173 3731 4252 libet

529 4270 768 4326 subsidio
799 4279 1034 4324 veterum
1062 4269 1305 4325 codicum
1331 4269 1665 4326 bibliotheca:
1690 4270 1891 4342 Regite,
1921 4269 2261 4338 Colbertinzr,
2287 4271 2517 4327 coenobii
2547 4271 2604 4326 S.
2640 4270 2874 4325 ltledardi
2909 4270 3050 4340 apud
3077 4270 3415 4337 Suessiones,
3465 4278 3516 4324 et
3551 4267 3599 4322 S.
3631 4259 3731 4318 Petr'

532 4363 602 4418 de
631 4363 843 4417 Cultura
869 4361 1008 4431 apud
1035 4360 1391 4416 Cenomanos.

531 4477 1191 4600 loéagﬁﬁe'xipgetore
1208 4472 1293 4584 ἷξι
1316 4486 1378 4523 ex
1399 4472 1504 4524 aliis
1523 4473 1798 4524 auctoribus
1816 4474 2071 4536 desumpta
2094 4473 2408 4524 indicavimus
2429 4475 2556 4524 notis
2587 4473 2902 4538 alphabetieis
2924 4473 3200 4537 parenthesi
3223 4472 3447 4534 inclusis,
3465 4483 3520 4521 se
3545 4467 3624 4519 sub

1197 4712 3154 4918 SOLILOQUIORUM

1312 4996 2011 5142 ΑΝΙΜᾸΕ
2082 4995 2358 5138 AD
2448 4997 3012 5141 DEUM

1669 5217 2153 5328 LIBER
2224 5215 2440 5368 ΠΝ
2454 5219 2662 5328 US.

2051 5402 2316 5454 ⁸8(θῦῦῦ

604 4642 3732 4676 ___________________________________________—

603 5545 827 5604 CAPUT
922 5542 1201 5599 PRIMUM.
1294 5539 1574 5612 Aspirolid
1629 5539 1696 5612 qd
1782 5537 2115 5612 cognitionem

533 5629 582 5673 et
612 5633 830 5671 amorem
869 5614 984 5670 Dei.
1047 5612 1260 5668 Visiom's
1303 5607 1394 5664 na
1431 5609 1756 5664 desiderium.
1781 5607 1980 5661 Amoris
2021 5607 2116 5662 Dei

535 5690 759 5757 defectus
787 5702 971 5740 causar.
995 5684 1225 5757 [luminis
1248 5698 1279 5735 a
1303 5681 1406 5734 Deo
1425 5679 1793 5749 discrepantitc.
1817 5679 2114 5757 Agnoseam

541 5748 636 5820 ια’,
674 5757 892 5810 Domine
933 5755 1172 5810 coenitor
1212 5768 1399 5814 meus;
1441 5748 1756 5820 cognoscam
1815 5759 1901 5814 te,
1950 5748 2118 5803 virtus

539 5819 728 5881 anima:
782 5841 934 5880 meae.
985 5823 1218 5879 Ostende
1267 5830 1320 5878 te
1369 5820 1530 5889 mihi,
1574 5819 1879 5878 consolator
1929 5834 2115 5889 meus;

2217 5536 2425 5592 videam
2455 5545 2506 5592 te
2529 5578 2544 5602 ,
2558 5536 2744 5608 lumen
2765 5536 3040 5592 oculorum
3065 5532 3507 5608 meomm.‘Veni_,
3525 5524 3718 5608 gaudi"!!!

2219 5608 2438 5676 spiritus
2467 5597 2604 5680 mei;
2642 5606 2848 5662 videam
2880 5615 2930 5661 te
2952 5648 2968 5674 ,
2996 5608 3174 5662 laetitia
3198 5605 3374 5680 cordis
3394 5597 3718 5680 ιιιοίίςθςίίίίεέφ

2219 5674 2272 5732 te
2293 5719 2308 5742 ,
2341 5680 2443 5731 vita
2474 5677 2666 5730 anima:
2695 5693 2847 5731 mem.
2889 5681 3098 5746 Appare
3139 5677 3265 5731 mihi
3300 5694 3314 5740 ;
3343 5674 3593 5746 delectatio
3627 5674 3715 5718 mea

2223 5763 2410 5816 magna
2438 5790 2452 5811 ,
2482 5748 2728 5801 solatium
2758 5744 3113 5802 meum—dulce
3137 5789 3151 5812 ,
3192 5746 3401 5800 Domine
3431 5744 3548 5797 Deus
3565 5746 3690 5816 -ηκξιξξ
3702 5767 3714 5787 ι

2223 5801 2338 5874 vitti’
2358 5801 2412 5874 et
2438 5801 2601 5889 gloria
2637 5827 2744 5873 tota
2773 5801 2973 5874 animai
2994 5801 3151 5875 utere:
3175 5816 3426 5874 Inveniam
3450 5824 3526 5880 te,
3549 5801 3713 5862 ἀεείάθ·
