3838 6414
500 375 599 434 δτι

498 492 604 547 lius
638 486 870 545 hominis
892 488 1068 542 lactus
1090 491 1175 540 est
1201 481 1369 538 Filius
1396 481 1511 537 Dei.
1554 480 1669 537 Hoc
1697 481 1874 552 itaque
1900 481 2081 536 consi-

498 562 705 617 deranti
754 558 882 613 mihi
930 554 1122 611 ﬁducia
1175 563 1259 609 est
1300 553 1510 616 dicere,
1542 552 1655 606 Non
1704 550 1865 606 homo
1911 554 2085 605 minor

574 633 661 705 ulo
690 630 863 705 minus
884 634 967 705 est
990 626 1058 681 ab
1080 623 1300 705 Angelis
1314 662 1329 684 ,
1362 637 1466 705 non
1490 623 1668 703 utique
1685 629 1887 705 tantum
1907 634 2086 705 arqua-

574 647 661 685 uto
690 647 863 683 minus
884 647 967 682 εει
990 647 1058 681 an
1080 647 1295 705 augens
1314 662 1329 684 ,
1362 647 1466 702 Iturt
1491 647 1668 703 υιιιιυις
1686 647 1887 676 saltuum
1910 647 2083 688 arqua-

501 647 568 757 Εἰ
598 700 839 769 Angelis;
871 695 966 751 sed
1003 709 1247 764 superior
1275 692 1492 769 Angelis
1521 709 1534 741 :
1559 706 1690 769 quia
1716 693 1874 745 homo
1906 691 2043 769 Deus
2065 728 2083 755 ,

466 780 558 827 .et
604 759 742 825 Deus
772 759 964 832 homo,
1015 759 1120 820 non
1167 759 1409 833 angelus.
1452 759 1711 833 Etdicam
1741 759 2086 833 propterhoc

503 840 772 895 hominem
797 851 915 893 esse
938 829 1665 900 creaturam'dignissimam,
1704 829 1824 899 quia
1856 829 2085 900 Verbum

502 910 644 979 quod
674 916 811 979 erati
835 909 887 962 in
925 899 1370 979 principionbe‘o’s
1412 901 1551 979 apud
1598 901 1761 955 Deum
1786 918 1817 979 ;_
1852 899 2084 979 Verbum

502 967 759 1050 perquod
786 967 1116 1050 Deus'disit',
1150 971 1270 1025 Fiat
1296 967 1658 1050 (ML—eernere
1699 981 1771 1024 est
1799 967 2081 1050 lita:_(§en.

506 1039 545 1112 ἱ.
573 1039 654 1119 5)ζ
681 1047 918 1119 angelica
932 1044 1139 1119 scilicet
1162 1052 1383 1119 natttra,_
1398 1039 1630 1119 Verbum
1660 1056 1755 1110 per
1776 1039 1926 1119 quod
1948 1040 2088 1119 Deus

503 1110 699 1174 creavit
728 1110 905 1171 o'mnia
932 1116 984 1168 in
1011 1112 1302 1183 principio,
1335 1110 1473 1183 idem
1510 1110 1725 1183 Veritum
1752 1125 1869 1183 cara
1897 1113 2088 1183 [rictum

503 1198 578 1244 est
595 1229 611 1254 ,
638 1196 685 1242 et
709 1185 947 1240 habitavit
965 1176 1026 1237 ἰή
1039 1176 1215 1248 nobis}
1229 1192 1280 1236 et
1301 1181 1515 1235 vidimus
1533 1181 1751 1254 gloriam
1768 1181 1878 1249 ejus
1898 1176 1956 1254 (1
1965 1194 2084 1233 oon.

505 1198 578 1244 est
595 1229 611 1254 ,
638 1198 685 1242 et
709 1198 947 1240 habitavit
965 1201 1019 1237 ιιι
1039 1198 1180 1237 nonis
1193 1222 1215 1248 ,.
1229 1198 1280 1236 et
1301 1198 1515 1235 manuus
1533 1198 1751 1304 qtortam
1768 1198 1878 1249 ejus
1903 1198 1953 1247 μ
1965 1198 2084 1233 oan.

505 1273 557 1323 ι,
587 1259 653 1323 l,
686 1257 799 1325 ﬂ).
833 1256 969 1325 Ecce
990 1254 1155 1325 gloria
1183 1267 1278 1325 per
1320 1266 1476 1321 quam
1506 1265 1539 1321 g
1562 1249 1967 1325 orior,_quando
1996 1262 2086 1325 sa-

440 1352 451 1360 -
506 1317 873 1398 num'glorior.
901 1317 1037 1398 Ech
1061 1317 1308 1398 gaudium
1338 1317 1430 1390 per
1449 1317 1591 1390 quod
1611 1317 1817 1398 gaudeo
1838 1362 1849 1382 .
1875 1317 2090 1398 quando

505 1387 694 1452 sanum
720 1395 953 1466 gaudeo,
984 1387 1214 1448 Domine
1256 1387 1396 1446 Deus
1443 1387 1637 1455 meus,
1673 1391 1777 1445 vita
1822 1387 2089 1459 et’gloria

506 1476 615 1523 tota
640 1468 829 1522 animie
859 1479 1013 1520 mea.

575 1536 846 1593 Conﬁteor
892 1548 1056 1604 ergo,
1108 1530 1330 1604 Domine
1385 1530 1525 1604 Deus
1578 1545 1767 1604 meus,
1830 1543 1952 1604 cum
2006 1541 2093 1582 me

511 1607 707 1663 creasti
734 1598 1265 1673 rationis'capaeem,
1303 1601 1517 1669 Angelis
1544 1601 1778 1673 quodam
1807 1598 1967 1654 modo
1995 1612 2093 1668 pa-

508 1693 623 1733 rem
649 1675 839 1732 creasti
867 1693 883 1730 :
911 1674 1032 1744 quia
1047 1669 1236 1744 perﬁci
1255 1672 1271 1702 ¹
1306 1686 1524 1744 possum
1544 1669 1638 1739 per
1659 1669 1890 1744 Verbum
1920 1677 2090 1744 tuum,

509 1758 568 1802 ut
596 1748 802 1803 veniam
845 1738 1319 1812 ad'aeqtialitatem'
1360 1738 1719 1812 Angelorum,
1752 1748 1824 1812 ut
1868 1738 2094 1792 habeam

510 1817 848 1887 adoptionem
888 1808 1116 1887 ﬁliorum
1161 1826 1257 1880 per
1285 1808 2050 1887 unigenitum_\ierhum_{eum
2074 1846 2091 1872 ,

512 1878 768 1950 Domine,
799 1900 891 1952 per
915 1882 1107 1938 Filium
1137 1878 1557 1952 tuum‘dilectum
1578 1879 1672 1952 ,in
1701 1894 1808 1948 quo
1831 1878 1925 1952 tibi
1954 1879 2096 1936 bene

511 1947 863 2026 complacuit,
895 1969 990 2023 per
1031 1952 1201 2005 virum
1223 1949 1588 2026 colimrenteni
1604 1947 2095 2026 {etcoosubstan-

515 2018 693 2081 tialein
724 2025 816 2078 tibi
841 2018 909 2079 et'
940 2030 1265 2076 eoartcrnnm
1305 2018 1487 2074 Jcsum
1532 2018 1796 2074 Christum
1821 2060 1836 2082 ,
1884 2018 2094 2073 unicum

517 2096 879 2151 Dominomct
920 2090 1311 2158 redemptorem
1359 2098 1634 2153 nostrum,
1688 2089 2095 2158 illuminatorem

516 2175 573 2220 et
618 2164 1005 2221 consolatorem
1036 2156 1304 2221 nostrum,
1333 2159 1644 2214 advocatum
1673 2170 1912 2212 nostrum
1956 2156 2097 2226 apud

518 2247 602 2295 te,
642 2245 696 2290 et
722 2235 897 2287 lumen
940 2232 1215 2286 oculorum
1262 2238 1598 2295 nostrorum,
1638 2231 1726 2298 qui
1773 2236 1856 2284 est
1897 2228 2001 2298 vita
2045 2236 2099 2282 et

519 2307 751 2361 Salvator
776 2311 978 2365 noster,
1010 2311 1063 2354 et
1087 2300 1396 2369 SpOS'ltttica
1419 2310 1596 2353 nostra
1617 2297 1763 2369 :7'qui
1797 2312 1893 2352 nos
1914 2297 2100 2352 dilexit

520 2375 688 2445 magis
714 2387 871 2450 quam
901 2386 959 2426 se
977 2412 993 2437 ,
1024 2368 1127 2439 per
1160 2385 1315 2450 quem
1345 2369 1600 2423 habemus
1628 2368 1873 2423 ﬁduciam
1899 2368 2103 2450 reposi:

519 2437 637 2500 ωιιῖ
653 2454 708 2499 ει
735 2437 941 2497 ﬁrmam
966 2437 1114 2511 spem
1144 2437 1280 2509 apud
1314 2448 1397 2502 te,
1444 2450 1494 2493 et
1514 2510 1519 2511 γ
1542 2453 1813 2511 accessum
1856 2437 2098 2511 veniendi

520 2516 588 2570 ad
617 2524 700 2580 te;
727 2513 974 2583 quoniam
998 2508 1139 2583 dedit
1169 2508 1619 2583 potesrtitetnjilios
1653 2508 1743 2583 Dei
1770 2508 1881 2577 ﬁeri
1908 2510 1987 2583 liis
2012 2508 2098 2578 qui

518 2578 729 2641 credunt
745 2578 805 2637 in
833 2582 1033 2636 nomine
1067 2578 1179 2651 ejus
1225 2578 1539 2650 (Ibitl.,12).
1589 2578 1824 2651 Laudem
1872 2578 2100 2651 tribuam

523 2654 722 2709 nomini
755 2665 845 2708 tuo
865 2693 879 2716 .
905 2648 1129 2706 Domine
1148 2692 1163 2714 ,
1190 2648 1278 2719 qui
1307 2666 1390 2703 me
1414 2651 1480 2702 ad
1511 2650 1790 2718 imaginem
1824 2659 1878 2703 et
1905 2648 2092 2719 simiii-

520 2720 761 2780 tudinem
788 2731 928 2777 tuam
957 2721 1188 2776 creando
1216 2719 1366 2786 (Gen.
1397 2734 1442 2784 t,
1474 2719 1567 2788 9.7)
1586 2760 1599 2780 ,
1635 2728 1795 2773 tanta:
1820 2718 2002 2788 gloria:
2026 2718 2102 2772 fc-

521 2796 643 2850 cisti
670 2810 754 2848 me
782 2791 894 2847 fore
921 2790 1313 2860 susceptibilem
1334 2830 1349 2849 ,
1379 2798 1433 2843 ut
1457 2787 1652 2859 poSsim
1681 2790 1818 2843 ﬁlios
1846 2789 1936 2842 Dei
1965 2787 2101 2860 ﬁeri.

522 2865 637 2920 Hoc
661 2864 842 2934 utique
879 2877 985 2916 non
1018 2858 1239 2983 possunt
1267 2860 1484 2914 arbores
1506 2899 1521 2923 ,
1569 2876 1672 2913 non
1698 2868 1922 2929 possunt
1966 2858 2102 2927 lapi-

522 2935 620 2983 des
640 2976 653 2983 -
687 2948 791 2983 non
821 2946 1017 2983 uellera
1042 2933 1142 2983 iter
1166 2930 1342 2983 omnia
1371 2944 1490 2983 una:
1511 2938 1809 2983 moventur.
1852 2928 1932 2981 vel
1986 2942 2102 2983 cre-

522 2935 620 2989 des
640 2976 653 2998 ,
687 2928 791 2988 non
821 2928 1142 3002 generaliter
1166 2930 1342 3002 omnia
1371 2944 1493 3002 qua;
1511 2928 1809 2994 moventur,
1852 2928 1932 3002 vel
1986 2942 2106 2983 cre-

523 3012 682 3059 scunt
705 3003 759 3058 in
787 2998 944 3065 aere,
989 3001 1070 3055 vel
1102 3000 1153 3054 io
1183 3000 1347 3063 mari,
1373 2999 1451 3052 vel
1481 2999 1532 3052 iu
1583 3007 1719 3053 terra
1772 3016 1788 3053 :
1830 2998 1973 3068 quia,
1996 3013 2102 3052 non

522 3072 777 3129 dcditcis
808 3080 1119 3141 potestatem
1170 3069 1400 3141 \‘erbnm
1447 3077 1589 3122 tuum
1630 3068 1767 3141 ﬁlios
1813 3068 1905 3123 Dei
1952 3067 2100 3141 ﬁeri,

523 3146 645 3215 quia
689 3138 1085 3215 ratiouemnon
1118 3138 1346 3203 habent;
1391 3153 1510 3192 nam
1541 3146 1594 3192 et
1622 3140 1750 3215 _ba-c
1777 3138 2103 3215 potestasjn

524 3208 732 3269 ratione
756 3212 1030 3274 consistit,
1064 3224 1157 3279 per
1197 3224 1353 3279 quam
1389 3208 1759 3278 cognoscimus
1790 3209 1980 3279 Deum.
2006 3208 2106 3279 De-

524 3284 604 3338 dit
627 3292 802 3338 autcm
828 3282 963 3336 hanc
1009 3277 1309 3334 herniuibus
1328 3320 1344 3343 ,
1371 3293 1505 3347 quos
1533 3279 1733 3333 creavit
1759 3277 2105 3333 rationabiles

524 3354 595 3408 ad
642 3353 924 3423 imaginem
960 3359 1011 3405 et
1036 3349 1431 3423 similitudinem
1461 3363 1631 3402 suam.
1664 3348 1728 3403 Et
1773 3347 2103 3423 ego‘utique,

527 3417 785 3488 Domine',
816 3437 909 3491 per
934 3429 1073 3474 tuam
1094 3418 1315 3491 gratiam
1337 3460 1350 3480 ,
1379 3417 1677 3491 homosum
1707 3428 1797 3473 :et
1817 3417 1961 3473 ﬁlius
1983 3428 2108 3473 tuus

527 3507 649 3548 esse
671 3487 883 3559 possunt
911 3505 1008 3560 per
1032 3487 1252 3560 gratiam
1277 3529 1292 3553 ,
1321 3487 1459 3558 quod
1486 3488 1560 3560 illi
1588 3504 1692 3542 non
1724 3496 1963 3557 possunt.

598 3557 750 3617 Unde
777 3560 879 3615 hoc
906 3557 1069 3621 mihi,
1100 3557 1323 3612 Domine
1343 3597 1358 3622 ,
1388 3558 1582 3611 veritas
1605 3572 1811 3612 summa
1832 3597 1848 3622 ,
1878 3571 2108 3628 veraque

527 3631 806 3687 summitas
825 3671 842 3697 ,
872 3638 925 3684 et
957 3628 1266 3696 principium
1290 3627 1525 3697 omnium
1544 3635 1937 3697 creaturarum;
1967 3627 2108 3683 unde

528 3703 633 3756 hoc
654 3699 786 3756 mihi
809 3695 835 3763 ,⁷
856 3695 1076 3753 Domine
1094 3740 1108 3759 ,
1128 3695 1135 3696 7
1153 3706 1210 3751 ιιι
1234 3698 1428 3765 possim
1460 3695 1598 3751 ﬁlius
1642 3706 1761 3751 tuus
1790 3696 1902 3752 ﬁeri
1925 3738 1938 3763 ,
1966 3698 2107 3766 quod

529 3772 607 3827 illi
632 3786 736 3827 non
763 3768 1033 3841 possunt?
1068 3767 1144 3841 '[ti
1189 3768 1330 3841 enim
1372 3780 1592 3841 manens
1621 3766 1672 3841 in
1704 3776 1959 3841 aiteruum
1986 3782 2107 3823 om-

538 3841 624 3896 nia
656 3834 852 3896 creasti
881 3838 1057 3893 simul.
1088 3836 1256 3893 Simul
1281 3837 1471 3907 creasti
1500 3834 1740 3892 homines
1767 3845 1823 3891 et
1844 3837 2104 3907 jumeuta,

529 3911 732 3981 lapides
758 3919 812 3967 et
840 3908 1064 3964 virentia
1111 3916 1285 3981 term.
1316 3906 1431 3981 Non
1459 3918 1848 3981 praecesserimt
1883 3909 2069 3963 merita
2088 3949 2104 3974 ,

531 3977 677 4039 nulla
720 3995 904 4037 eorum
933 3978 1216 4033 antecessit
1241 3978 1411 4045 gratia
1441 3994 1455 4031 :
1487 3977 1608 4048 quia
1635 3977 1812 4032 omnia
1862 3986 1949 4032 tua
1970 3987 2107 4048 itan-

532 4062 644 4108 tum
674 4052 909 4108 bonitate
934 4048 1125 4105 creasti
1152 4089 1167 4114 ,
1198 4058 1252 4103 et
1281 4062 1435 4117 pares
1458 4061 1646 4102 omnes
1673 4055 1931 4103 creatura:
1958 4047 2108 4103 fuere

529 4123 584 4178 in
614 4122 851 4187 meritis,
882 4120 1000 4190 quia
1031 4120 1268 4190 omnium
1295 4118 1436 4190 nulla
1463 4117 1609 4173 fuere
1636 4118 1840 4173 merita.
1872 4118 1939 4172 Et
1967 4118 2109 4174 unde

529 4207 659 4263 ergo
686 4192 854 4263 magis
898 4189 985 4263 tua
1014 4190 1222 4245 bonitas
1251 4189 1326 4263 in_
1347 4189 1447 4243 hac
1488 4196 1576 4263 tua
1623 4197 1864 4263 creatura
1886 4229 1903 4253 ,
1948 4203 2106 4258 quam

530 4257 703 4318 fecisti
749 4257 1092 4326 rationalem,
1125 4274 1281 4328 quam
1314 4259 1365 4312 in
1395 4259 1640 4314 omnibus
1682 4257 1801 4312 aliis
1837 4273 1956 4328 qua:
1986 4267 2110 4312 sunt

535 4333 652 4388 sine
694 4332 934 4397 ratione,
983 4330 1263 4398 apparuit?
1288 4329 1461 4393 Quare
1492 4343 1597 4382 non
1636 4342 1737 4398 ego
1761 4328 1897 4386 sicut
1923 4343 2108 4383 omnes

535 4403 663 4467 illae,
690 4409 781 4457 aut
805 4416 901 4456 cur
924 4414 1031 4454 non
1057 4414 1245 4455 omnes
1275 4398 1376 4452 illa:
1402 4399 1539 4453 sicut
1559 4412 1659 4467 ego
1677 4438 1692 4461 ,
1718 4407 1809 4452 aut
1834 4412 1934 4467 ego
1962 4398 2108 4452 solus

530 4474 671 4529 sicut
698 4481 751 4527 et
775 4470 919 4527 illae?
947 4470 1075 4537 Qua:
1103 4483 1218 4522 mea
1250 4467 1437 4523 merita
1457 4509 1473 4532 ,
1505 4482 1622 4536 qum
1658 4482 1775 4522 mea
1820 4469 1986 4536 gratia
2011 4508 2025 4532 ,
2052 4477 2110 4522 ut

531 4558 620 4599 me
665 4540 872 4597 tilium'
919 4539 1012 4595 Dei
1062 4553 1219 4608 posse
1265 4538 1378 4592 ﬁeri
1424 4537 1816 4608 susceptibilem
1860 4551 2106 4608 creares,

533 4611 677 4682 quod
703 4613 807 4667 illis
852 4606 1097 4682 omnibus
1145 4606 1478 4682 denegares?
1523 4607 1703 4672 Absit,
1756 4606 2021 4682 Do‘mine,
2054 4618 2111 4662 ut

533 4676 639 4739 lioc
659 4682 906 4738 sentiam.
933 4679 1046 4735 Tua
1073 4687 1276 4734 tantum
1294 4676 1502 4745 gratia,
1531 4684 1618 4730 tua
1663 4684 1862 4730 tantum
1898 4676 2111 4745 bonitas

535 4751 640 4808 hoc
666 4752 816 4818 fecit,
845 4759 904 4807 ut
926 4764 1098 4805 essem
1130 4744 1394 4817 particeps
1417 4745 1871 4818 dulcedinisejus.
1896 4744 1988 4800 Illa
2015 4748 2111 4818 igi-

534 4830 623 4876 tur
647 4815 815 4891 gratia
843 4835 963 4891 qua
989 4835 1074 4891 me
1102 4815 1169 4875 de
1197 4815 1362 4874 nihilo
1384 4889 1394 4891 _
1403 4816 1629 4891 creasti,
1676 4815 1818 4891 illam
1837 4857 1854 4881 ,
1884 4815 2066 4891 quat-so
2091 4858 2108 4885 ,

536 4884 785 4960 Domine,
801 4884 1277 4960 da'mihigratiam,
1292 4896 1349 4942 ut
1361 4887 1452 4960 tibi
1465 4886 1645 4960 debet!
1655 4884 1881 4960 referam
1892 4884 2108 4960 gratias.

608 4958 834 5015 CAPUT
878 4958 970 5013 1X.
1001 4954 1079 5014 Πε
1120 4954 1479 5029 omnipotentia
1511 4956 1623 5012 Dei.
1653 4954 1757 5012 Cur
1784 4972 1876 5010 nos
1902 4954 2002 5011 non
2029 4958 2110 5010 la-

536 5029 823 5102 pis,arbor,
841 5038 959 5102 _etc.
989 5069 1006 5097 ,
1035 5030 1176 5098 facti.
1190 5028 1549 5102 Omnipotens
1574 5042 1764 5102 manus
1796 5035 1887 5102 tua
1902 5041 2114 5097 semper

535 5096 641 5157 una
671 5108 726 5155 et
761 5096 981 5163 eadem,
1028 5096 1228 5154 creavit
1274 5100 1324 5152 in
1364 5096 1515 5153 coelo
1557 5098 1826 5167 Angelos,
1872 5097 1927 5151 in
1973 5096 2112 5152 terra

536 5167 855 5227 vermiculos
881 5184 896 5221 :
918 5182 1022 5221 non
1043 5169 1285 5236 superior
1309 5169 1361 5222 in
1386 5169 1507 5232 illis,
1537 5183 1641 5221 non
1669 5168 1885 5223 inferior
1900 5168 1951 5221 in
1974 5167 2110 5222 istis.

535 5241 684 5298 Sicut
711 5238 853 5295 enim
902 5236 1044 5307 nulla
1074 5251 1263 5291 manus
1306 5238 1594 5307 Angelom,
1637 5238 1708 5292 ita
1752 5237 1895 5293 nulla
1938 5246 2115 5307 posset

533 5325 722 5369 creare
749 5306 1097 5364 vcrmiculum
1149 5322 1163 5360 :
1200 5307 1336 5361 sicut
1379 5306 1523 5360 nulla
1569 5308 1801 5374 caelum,
1850 5306 2111 5363 ita’nulla

537 5388 717 5453 posset
742 5392 928 5453 creare
968 5375 1246 5453 minimum
1273 5375 1479 5453 arboris
1506 5374 1684 5453 foiium
1731 5393 1745 5429 :
1791 5377 2114 5453 sicut‘nulla

535 5445 733 5525 corpus
751 5490 766 5514 ,
795 5449 865 5504 ita
894 5446 1036 5525 nulla
1062 5460 1225 5525 unum
1253 5445 1502 5525 capillum
1528 5445 1704 5499 album
1734 5456 1912 5525 posset
1937 5445 2114 5525 facere

536 5515 898 5590 aut'nigrum;
926 5515 1021 5573 sed
1049 5515 1391 5590 multipotens
1413 5528 1603 5590 manus
1644 5525 1760 5576 tua.
1807 5517 2113 5590 cu_i__omnia

537 5591 654 5661 pari
681 5583 840 5645 modo
875 5596 1002 5644 sunt
1030 5583 1317 5658 possibilia.
1346 5583 1456 5641 Nec
1496 5584 1640 5639 enim
1688 5585 1990 5656 possibilius
2031 5595 2115 5642 est

603 5682 620 5713 ι
643 5686 726 5729 Its.
745 5686 885 5741 ηεξ..
907 5682 1156 5742 perﬁcere.

601 5742 623 5804 ξ
645 5746 714 5790 na
730 5733 841 5788 ιιιεεῖ
859 5733 1074 5804 At'editi,
1096 5751 1184 5804 per
1203 5737 1395 5791 anticum
1417 5733 1735 5789 what-edem.

601 5801 625 5835 ⁸
642 5807 727 5851 Ms.
748 5807 885 5863 neg.,
908 5798 1016 5864 ﬁlii.

1910 378 1913 381 ’
1964 360 2326 424 APPENDIX.

2192 480 2242 536 ei
2268 494 2452 536 creare
2475 478 2819 550 vermiculout
2839 519 2856 546 ,
2883 492 3042 550 quam
3081 477 3363 550 angelum;
3389 494 3487 535 nec
3509 481 3719 550 impossi-

2192 497 2242 536 et
2268 497 2452 536 creare
2475 497 2819 534 vermiculout
2839 519 2856 546 ,
2883 497 3042 550 quam
3081 497 3363 550 angelum;
3389 497 3487 535 nec
3509 497 3574 536 un
3678 497 3719 540 ι.

2191 550 2351 605 bilius
2379 549 2669 605 extendere
2711 549 2944 615 emtum,
2994 564 3153 619 quam
3199 550 3417 614 folium;
3462 497 3727 610 petamus

2192 619 2422 690 formare
2445 620 2726 688 capillum,
2771 634 2932 690 quam
2974 633 3202 688 corpus;
3230 634 3329 675 nec
3352 619 3607 677 difﬁcilius
3628 623 3726 678 lna-

2190 688 2319 744 dare
2345 698 2539 764 terram
2565 704 2725 764 super
2747 688 2914 764 aquas
2931 730 2944 753 ,
2971 704 3130 759 quam
3158 704 3326 764 aquas
3365 690 3576 764 fundare
3600 708 3734 764 super

2193 767 2389 814 terram
2414 760 2429 791 ¹
2458 778 2473 813 :
2501 759 2594 816 sed
2616 760 2794 815 omnia
2817 758 3163 829 qumcomque
3188 758 3354 814 voluit
3381 760 3528 824 fecit,
3553 762 3603 815 in
3621 758 3733 818 coelo
3818 778 3819 829 ξ

2192 830 2322 901 etin
2352 838 2492 884 terra
2517 870 2534 894 ,
2566 830 2619 884 in
2648 831 2781 901 mari
2819 824 2874 883 et
2898 829 2963 901 in
3009 824 3258 901 omnibus
3302 830 3542 901 abyssis,
3586 841 3634 885 et
3667 850 3735 889 ιιιε
3818 824 3819 871 ἒ

2192 898 2329 977 inter
2383 901 2595 965 omnia,
2645 899 3021 977 sicut_voluit,
3067 900 3241 977 potuit
3270 898 3560 977 _et'scivit:
3598 901 3739 957 Potuit
3818 958 3819 977 η

2192 968 2404 1039 quidem
2436 984 2626 1024 manus
2651 978 2760 1033 tua,
2790 969 3034 1033 Domine,
3056 968 3152 1039 tne
3179 969 3435 1039 lapidem,
3480 971 3559 1025 vel
3594 985 3735 1037 avem,

2196 1038 2284 1109 vel
2308 1049 2614 1108 serpentem
2642 1041 2726 1094 vel
2754 1038 2985 1095 belluam
3016 1038 3247 1109 aliquam
3266 1054 3474 1109 creare,
3499 1050 3552 1096 et
3570 1042 3737 1096 scivit:
3818 1040 3819 1043 “

2192 1106 2293 1179 se‘d
2330 1106 2498 1163 uoluit
2532 1119 2747 1179 propter
2770 1123 2922 1164 suam
2949 1106 3259 1165 bonitatem.
3305 1108 3482 1176 Quare
3522 1125 3616 1178 ego
3659 1128 3738 1165 non
3818 1116 3819 1179 ξ

2194 1177 2347 1250 iapis,
2375 1179 2456 1233 vel
2477 1170 2661 1250 arbos".
2687 1181 2771 1235 vel
2812 1179 2984 1250 aliqua
3025 1179 3223 1235 bellua?
3247 1170 3379 1247 Quia
3413 1181 3491 1235 sic
3521 1170 3741 1236 ordinavit
3818 1170 3819 1193 ¹

2192 1246 2401 1328 bonitas
2423 1257 2530 1304 tua.
2549 1249 2618 1305 Et
2634 1258 2691 1305 ut
2710 1249 2809 1306 hoc
2823 1246 3115 1317 ordinaret,
3132 1264 3238 1304 nou
3263 1261 3639 1320 praecesserunt
3656 1267 3742 1306 tne-

2192 1326 2292 1372 rita
2310 1333 2446 1372 mea.

2265 1387 2492 1460 CAPUT
2519 1388 2589 1444 Χ.
2633 1386 2801 1460 Homo
2825 1388 3131 1460 insuﬁiciens
3153 1390 3224 1443 ad
3248 1387 3563 1460 laudandum
3589 1386 3741 1446 Dent.
3818 1386 3819 1389 “

2200 1457 2327 1525 Quis
2353 1457 2516 1513 Deum
2557 1460 2746 1514 laudet.
2777 1459 2913 1514 Laus
2937 1457 3156 1514 hominis
3195 1475 3332 1514 vera.
3362 1458 3588 1515 Rursum
3609 1463 3743 1514 dein-

2194 1528 2492 1600 suﬂicientia
2537 1530 2607 1583 ad
2656 1531 2861 1591 Iaudem
2904 1529 3024 1584 Dei.
3077 1528 3225 1600 Unde
3251 1530 3587 1600 suppleatur.
3626 1530 3749 1586 Uade

2198 1598 2300 1651 hoc
2329 1598 2459 1654 mibi
2477 1639 2493 1662 .
2525 1600 2787 1655 Domine?
2815 1600 2955 1656 unde
2981 1600 3110 1654 mihi
3139 1598 3422 1655 laudcs‘atl
3464 1599 3749 1655 laudandum

2200 1667 2292 1738 te?
2330 1668 2478 1724 Sicut
2507 1669 2677 1725 fecisti
2708 1685 2792 1725 me
2833 1671 2950 1726 sine
2973 1685 3061 1726 me
3082 1710 3098 1732 ,
3143 1670 3281 1725 sicut
3312 1670 3508 1738 placuit
3546 1681 3659 1725 ante
3680 1681 3749 1735 te;

2200 1737 2271 1809 ita
2298 1738 2410 1793 laus
2453 1739 2549 1795 tibi
2593 1740 2815 1796 estsine
2855 1755 2974 1805 me,
3023 1739 3160 1794 sicut
3201 1737 3497 1809 cumplacet
3537 1751 3654 1796 ante
3692 1749 3749 1793 te.
3818 1776 3819 1793 η

2199 1806 2342 1863 Laus
2372 1818 2459 1880 tua
2478 1849 2496 1876 ,
2526 1809 2784 1874 Domine.
2816 1818 2873 1866 tu
2903 1811 3018 1880 ipse
3039 1824 3120 1864 es.
3161 1806 3401 1864 Laudent
3430 1818 3483 1865 te
3507 1825 3658 1879 opera
3681 1818 3752 1865 tua
3818 1830 3819 1833 η

2201 1878 2493 1949 secundum
2519 1880 2909 1936 multitudinem
2928 1878 3316 1949 magnitudinis
3347 1891 3472 1935 tum.
3502 1878 3635 1935 Laus
3659 1890 3750 1943 tua,

2201 1948 2457 2020 Domine,
2491 1948 3043 2020 incomprehensibilis
3070 1960 3188 2013 est;
3220 1949 3383 2005 corde
3407 1964 3512 2004 non
3541 1964 3755 2018 compre-
3818 1968 3819 2013 ;

2202 2017 2471 2086 benditur,
2500 2034 2595 2075 ore
2624 2017 2731 2076 non
2758 2029 3119 2084 mensurator,
3150 2034 3280 2075 aure
3306 2034 3415 2075 non
3446 2017 3712 2089 percipitur
3737 2039 3749 2074 :
3818 2028 3819 2049 ‘

2240 2089 2325 2143 uia
2356 2090 2455 2144 ista
2478 2098 2787 2154 transeunt,
2817 2098 2875 2145 et
2909 2090 3025 2144 laus
3051 2099 3136 2143 tua
3183 2098 3363 2144 manet
3404 2090 3458 2144 itt
3500 2100 3749 2145 uernum.

2240 2104 2325 2143 uta
2356 2104 2455 2144 tSta
2478 2104 2787 2154 transeunt,
2817 2104 2875 2145 et
2910 2104 3025 2144 taus
3051 2104 3136 2143 tua
3183 2104 3363 2144 manet
3404 2106 3458 2144 ιιι
3500 2104 3749 2145 εειετιιιιι.

2201 2104 2463 2230 ἓθςίιιιιὶο
2489 2160 2692 2229 incipit,
2722 2161 2971 2230 cogitatio
2999 2161 3211 2224 ﬁnitur;
3236 2174 3338 2213 vox
3360 2168 3514 2214 sonat
3535 2168 3589 2215 et
3610 2172 3755 2214 trans-
3818 2180 3819 2230 t

2204 2228 2449 2295 it;'auris
2473 2228 2652 2297 audit,
2683 2239 2737 2285 ct
2771 2228 2983 2286 auditus
3024 2230 3300 2294 desinit';
3352 2230 3466 2283 laus
3518 2244 3636 2284 vero
3677 2238 3752 2283 tua
3818 2228 3819 2273 ἶ

2204 2299 2258 2370 in
2282 2309 2540 2355 aeternum
2570 2309 2691 2356 stat.
2719 2301 2850 2369 Quis
2891 2314 3020 2370 ergo
3062 2308 3149 2370 est
3188 2299 3278 2367 qui
3328 2307 3383 2354 te
3411 2298 3756 2366 laudetiQais
3818 2304 3819 2341 1

2206 2368 2367 2425 homo
2389 2372 2666 2425 annuntiet
2690 2368 2899 2426 laudem
2922 2368 3062 2425 tuam
3083 2370 3107 2422 ?
3133 2369 3270 2424 Laus
3291 2377 3386 2433 tua
3406 2382 3649 2438 perpetua
3667 2379 3753 2431 est,

2206 2441 2508 2495 transitoria
2535 2457 2639 2495 non
2668 2450 2770 2496 est.
2805 2442 2901 2497 Hic
2928 2450 2987 2495 te
3012 2439 3221 2505 laudat,
3249 2439 3340 2510 qui
3387 2448 3441 2494 te
3469 2440 3632 2509 ipsum
3658 2440 3756 2510 latio
3818 2446 3819 2507 j

2205 2510 2327 2565 dem
2360 2521 2501 2564 tuam
2538 2511 2727 2566 credit.
2760 2511 2858 2567 Hic
2881 2518 2934 2565 te
2959 2510 3173 2575 laudat,
3200 2509 3290 2579 qui
3316 2524 3375 2563 se
3402 2510 3571 2578 ipsum
3609 2509 3756 2563 ιιοδιῑὶι

2166 2596 2175 2605 ·
2206 2580 2259 2634 iu
2290 2588 2433 2634 tuam
2460 2580 2667 2635 laudem
2690 2598 2794 2636 non
2826 2595 2980 2648 posse
3010 2580 3330 2650 pertingere.
3351 2579 3490 2633 Laus
3502 2589 3755 2650 perpetua.

2205 2665 2324 2720 qua:
2354 2666 2622 2718 nunquam
2654 2651 2883 2717 transis,
2915 2650 2968 2704 in
3010 2649 3061 2706 ιε
3089 2659 3177 2720 εει
3215 2649 3331 2720 laus
3377 2649 3585 2714 nostra,
3631 2649 3685 2720 iu_
3714 2656 3758 2702 te
3818 2692 3819 2707 χ

2207 2717 2504 2775 laudabitur
2530 2721 2705 2776 anima
2737 2736 2874 2777 mea.
2905 2720 3019 2775 Non
3047 2734 3145 2774 nos
3167 2717 3447 2774 laudamus
3484 2727 3536 2774 te
3565 2718 3687 2774 :sed
3714 2727 3758 2773 ιι
3818 2722 3819 2763 1

2210 2799 2260 2844 te
2287 2830 2304 2856 ,
2332 2799 2386 2844 et
2412 2805 2506 2859 per
2527 2800 2578 2845 te
2595 2832 2612 2855 ,
2656 2791 2787 2846 etin
2812 2803 2897 2856 te;
2923 2800 2979 2845 et
3021 2790 3176 2846 nobis
3201 2789 3362 2859 etiam
3387 2789 3503 2844 laus
3524 2798 3604 2859 est
3628 2790 3677 2843 in
3696 2797 3756 2843 te.
3818 2822 3819 2857 ι

2208 2859 2358 2914 Τιιιιε
2375 2857 2554 2915 veram
2582 2861 2837 2915 habemus
2864 2860 3071 2915 laudem
3093 2900 3110 2925 ,
3136 2857 3350 2929 quando
3387 2874 3419 2913 a
3448 2868 3499 2929 te
3529 2858 3756 2914 habemus

2210 2929 2462 3000 laudem,
2491 2931 2703 3000 quando
2734 2931 2821 2984 lux
2849 2931 3111 3000 approbat
3137 2928 3348 3000 locem;
3392 2928 3514 3000 quia
3563 2939 3616 2983 ιιι
3653 2943 3755 2983 vera
3818 2928 3819 2961 ³

2208 2999 2322 3056 laus
2347 2999 2525 3056 veram
2557 3001 2745 3056 tribuis
2774 2999 3003 3055 laudem.
3031 2999 3251 3067 Quoties
3277 2999 3346 3053 ab
3372 2999 3480 3054 alio
3502 3013 3653 3067 quam
3671 3007 3753 3052 ate

2208 3071 2496 3141 quaerimus
2523 3070 2767 3141 laudem,
2800 3070 2955 3126 toties
2998 3078 3145 3141 tuam
3187 3068 3504 3141 amittimus
3528 3068 3748 3141 laudent:

2209 3138 2330 3210 quia
2358 3140 2443 3195 illa
2476 3140 2779 3195 transitoria
2806 3148 2887 3195 est
2908 3182 2924 3207 ,
2953 3139 3048 3195 scd
3076 3150 3163 3194 tua
3206 3147 3425 3210 aatcrna.
3453 3138 3509 3194 Si
3535 3139 3754 3193 trait-ito-

2209 3208 2342 3281 riam
2372 3210 2692 3281 quaerimus,
2722 3212 2974 3266 attentam
3003 3210 3314 3281 amittimus.
3340 3208 3396 3264 Si
3419 3218 3757 3281 intentatoru-

2212 3278 2419 3347 lumus',
2450 3281 2803 3336 transitoriam
2827 3296 2934 3336 non
2959 3295 3220 3334 amemus.
3248 3278 3638 3343 Lausaaerna,
3667 3278 3753 3330 Do-
3818 3280 3819 3347 ξ

2211 3353 2353 3405 mine
2385 3351 2525 3407 Deus
2565 3366 2750 3414 meus.
2779 3367 2807 3404 a
2833 3365 2941 3420 quo
2966 3351 3141 3405 omnis
3165 3351 3311 3414 laus,
3355 3351 3472 3420 sine
3497 3363 3601 3419 quo
3636 3347 3756 3403 nulla

2210 3428 2293 3476 est
2316 3422 2458 3488 laus,
2487 3436 2592 3477 non
2619 3422 2769 3477 valeo
2792 3419 3010 3476 laudare
3040 3430 3091 3475 te
3120 3420 3243 3475 sine
3262 3427 3314 3475 te
3360 3436 3377 3474 :
3422 3419 3638 3474 habeam
3681 3428 3755 3477 te.
3818 3419 3819 3473 ὲ

2212 3487 2449 3545 laudabo
2467 3500 2536 3547 te.
2569 3490 2695 3559 Quis
2721 3492 2863 3547 enim
2885 3505 2984 3560 ego
3009 3504 3126 3545 sum
3145 3530 3162 3558 ,
3190 3489 3447 3560 Domine,
3472 3504 3563 3559 per
3585 3504 3663 3542 me
3682 3487 3757 3557 qui
3818 3500 3819 3519 ι

2213 3560 2420 3616 laudem
2448 3570 2500 3616 te
2523 3560 2546 3614 ?
2568 3560 2746 3616 Pulvis
2773 3570 2826 3616 et
2848 3559 2984 3616 cinis
3007 3575 3106 3629 ego
3132 3575 3282 3626 sum,
3306 3559 3454 3614 canis
3475 3568 3695 3629 utortuos
3713 3565 3757 3609 et
3818 3604 3819 3611 η

2212 3630 2382 3685 fctcns
2405 3646 2505 3701 ego
2528 3646 2646 3685 sum
2666 3672 2682 3698 ,
2710 3631 2909 3686 vermis
2934 3639 2989 3685 et
3013 3628 3237 3701 putredo
3255 3643 3354 3701 ego
3378 3643 3517 3701 sum.
3537 3628 3658 3696 Quis
3677 3640 3756 3701 ego

2211 3715 2329 3755 sum
2349 3740 2363 3762 ,
2396 3698 2461 3754 ut
2476 3700 2684 3756 laudem
2717 3711 2768 3756 te
2790 3742 2807 3767 ,
2852 3698 3076 3755 Domine
3101 3700 3270 3763 Deus,
3300 3698 3586 3755 fortissime
3623 3698 3754 3768 spirif

2214 3779 2361 3840 tuum
2415 3771 2677 3826 universa:
2726 3763 2936 3840 carnis,
2991 3771 3081 3840 qui
3133 3769 3342 3825 habitas
3394 3763 3752 3840 aeternitatem!

2210 3839 2476 3911 Numquid
2501 3841 2734 3896 tenebrat
2759 3835 3046 3896 laudabunt
3071 3840 3243 3895 locem
3268 3880 3283 3903 ,
3310 3847 3401 3893 aut
3426 3854 3569 3911 mors
3592 3835 3755 3911 vitam!
3818 3896 3819 3911 γ

2213 3909 2292 3965 Tu
2320 3904 2439 3978 Iu'x,
2484 3926 2584 3980 ego
2613 3912 2883 3975 tenebrze;
2912 3919 2968 3964 tu
3014 3911 3118 3964 vita
3140 3951 3157 3978 ,
3203 3924 3303 3979 ego
3330 3925 3499 3964 mors.
3526 3904 3753 3980 Numquid

2211 3981 2423 4052 vanitas
2439 3977 2713 4052 veritatem
2743 3977 3217 4052 laudabitii'l‘ues
3244 3977 3470 4052 veritas,
3500 3994 3595 4052 ego
3625 3977 3753 4052 butyro

2212 4050 2429 4105 vanitati
2471 4050 2658 4105 similis
2687 4049 2875 4107 factus.
2903 4049 3042 4118 Quid
3084 4064 3243 4120 ergo,
3278 4049 3500 4120 Domine
3516 4045 3754 4120 ,‘laiidsbit

2214 4130 2267 4176 te
2288 4122 2311 4175 ?
2331 4120 2594 4191 Numquid
2616 4121 2826 4175 miseria
2847 4116 2963 4176 mea
2987 4116 3334 4191 laudabitite?
3356 4116 3615 4191 Numquid
3647 4118 3753 4169 letor

2215 4190 2448 4245 laudabit
2476 4188 2695 4246 odorem
2716 4191 2739 4244 i
2760 4190 3025 4260 Numquid
3049 4189 3348 4260 mortalitas
3374 4188 3630 4260 hominis,
3660 4199 3751 4260 qua:

2214 4260 2371 4316 hodie
2394 4268 2477 4315 est
2500 4269 2555 4316 et
2580 4275 2699 4315 cras
2729 4255 2949 4327 tollitur,
2976 4258 3215 4314 laudabit
3238 4258 3332 4314 te?
3376 4255 3635 4324 Numquid
3660 4256 3747 4327 lati:

2213 4330 2359 4385 dabit
2388 4339 2440 4387 te
2469 4331 2695 4400 putredo
2713 4372 2729 4397 ,
2758 4340 2813 4386 et
2838 4321 2978 4385 ﬁlius
2997 4329 3230 4383 hominis
3254 4330 3496 4400 vermis?
3524 4321 3747 4394 Numquid

2214 4399 2447 4455 laudabit
2473 4399 2544 4468 te,
2572 4400 2817 4463 Domine,
2864 4400 2952 4470 qui
3002 4400 3061 4470 iu
3098 4399 3328 4468 peccatis
3368 4400 3685 4470 genitusest
3715 4402 3753 4446 et
3818 4406 3819 4427 ι

2214 4471 2408 4525 natus?
2438 4471 2639 4525 Laudct
2683 4479 2757 4537 te,
2790 4469 3011 4524 Domine
3046 4469 3187 4523 Deus
3233 4484 3417 4530 meus,
3462 4469 3755 4537 omnipotetis

2215 4541 2447 4613 potentia
2477 4550 2564 4613 tua
2582 4580 2597 4604 ,
2626 4533 3188 4613 incireumscriptibilis
3215 4539 3476 4613 sapientia
3507 4533 3624 4613 tua,
3650 4533 3757 4613 inei-

2215 4608 2387 4666 fabilis
2410 4610 2616 4665 bonitas
2636 4619 2743 4664 tua.
2776 4608 2978 4665 Laudet
2998 4608 3055 4663 te
3080 4608 3488 4678 supereminens
3513 4608 3757 4663 clementia

2215 4692 2335 4746 tua,
2384 4679 2829 4751 superabundans
2864 4679 3227 4751 misericordia
3273 4689 3412 4751 _toa,
3474 4678 3759 4748 sempiterna

2215 4766 2426 4822 quoque
2452 4748 2621 4822 virtus
2648 4758 2702 4822 et
2729 4749 2980 4805 divinitas
3007 4758 3117 4803 tua.
3143 4748 3346 4804 Landet
3377 4758 3430 4822 te
3457 4751 3760 4822 omnipoteof
3818 4762 3819 4822 ἦ

2218 4817 2416 4876 tissiina
2458 4819 2708 4876 fortitudo
2736 4828 2858 4887 tua,
2900 4834 3107 4875 summa
3151 4834 3363 4888 quoque
3411 4817 3691 4888 benignitas
3720 4820 3761 4866 ct
3818 4817 3819 4887 Τ

2215 4890 2449 4946 charitas
2474 4899 2559 4945 tua
2579 4932 2595 4956 ,
2625 4885 3019 4961 propterquam
3038 4885 3231 4945 creasti
3256 4885 3382 4956 nos,
3418 4885 3632 4944 Domine
3649 4885 3759 4940 Dein

2216 4962 2319 5017 vita
2345 4961 2535 5015 animai
2558 4975 2711 5015 meai.

2287 5029 2512 5086 CAPUT
2575 5030 2665 5085 XI.
2755 5027 2887 5100 Spes
2923 5029 3103 5083 salutis
3149 5024 3326 5100 nititur
3397 5029 3629 5100 bonitate
3668 5036 3756 5093 σει

2216 5101 2418 5156 creavit.
2442 5100 2565 5171 Ego
2602 5108 2778 5171 autem
2802 5098 3046 5171 creatura
3094 5108 3182 5155 tua
3202 5140 3218 5164 ,
3234 5099 3343 5154 ‘suh
3368 5100 3556 5153 umbra
3586 5098 3753 5171 alarum

2220 5180 2426 5227 tuarum
2448 5165 2672 5238 sperabo
2688 5170 2741 5224 in
2757 5170 2993 5225 bonitate
3017 5178 3125 5234 tua,
3146 5185 3247 5239 qua
3267 5170 3460 5224 creasti
3474 5183 3573 5222 me.
3587 5165 3752 5231 Adjova

2217 5251 2514 5298 creaturam
2540 5249 2704 5303 tuam,
2749 5255 2906 5310 quam
2951 5242 3153 5295 creavit
3180 5240 3481 5309 benignitas
3523 5245 3752 5310 tuamet!

2220 5322 2405 5382 pereat
2425 5312 2478 5364 in
2500 5311 2697 5365 malitia
2725 5307 2874 5382 mea,
2906 5309 3048 5380 quod
3087 5320 3303 5382 operata
3322 5307 3409 5382 est
3431 5307 3628 5363 bonitas
3648 5312 3748 5382 tua;

2220 5370 2324 5436 non
2366 5389 2549 5462 pereat
2588 5382 2639 5462 in
2682 5370 2896 5434 miseria
2924 5370 3250 5462 'gnea,_q.uod
3276 5377 3404 5460 [εςίι
3429 5390 3621 5462 εει-φωρ

2220 5448 2415 5505 utentia
2455 5460 2561 5504 tua.
2593 5450 2723 5519 Qute
2764 5459 2847 5505 est
2873 5449 3013 5504 enim
3045 5449 3243 5505 utilitas
3286 5448 3339 5502 in
3365 5448 3616 5519 creatione
3643 5450 3741 5518 tua.

2218 5523 2265 5578 si
2282 5511 2683 5575 descendaan
2704 5521 3102 5589 corruptionem
3129 5532 3301 5573 meam
3322 5518 3346 5572 '!
3369 5511 3615 5584 Numquid
3629 5511 3740 5565 enim

2283 5612 2301 5644 ι
2327 5616 2400 5658 Er.
2423 5609 2570 5660 Lugd.
2596 5618 2714 5660 ven.
2744 5618 2795 5660 et
2814 5616 2924 5659 ιον.
2949 5610 3021 5659 sic
3042 5607 3280 5658 exhibeat
3316 5606 3445 5656 hunc
3474 5605 3613 5654 locum
3636 5601 3740 5645 τινα

2219 5669 2463 5786 Was
2481 5663 2687 5780 {eliadum
2719 5677 2900 5722 terram
2929 5681 3074 5735 super
3094 5680 3263 5733 aquas,
3293 5678 3440 5733 φιωιι
3458 5673 3595 5729 aquas
3623 5663 3739 5719 tam

2284 5796 2304 5827 ²
2326 5800 2455 5857 uss,
2476 5793 2662 5847 transit.
