3834 6276
68 340 143 402 391
834 330 1203 388 ADMONITIO
1241 332 1306 387 [Ν
1346 330 1880 402 SUBSEQUENTES
1914 334 2436 394 MEDITATIONES.
3155 337 3271 396 898

63 480 123 536 ria
144 476 406 536 beatorum,
433 483 591 540 quam
615 468 799 547 videre
820 469 927 524 vita
951 477 1147 524 interna
1178 478 1277 534 est,
1307 478 1363 525 et
1390 470 1576 525 laetitia
1680 471 1818 547 vobis
1848 471 2164 547 (Matth._vn
2189 514 2202 536 ,
2232 473 2563 547 7).AI_’ulsant
2590 474 2656 547 ad
2682 475 2875 531 ostium
2905 484 3054 532 tuum
3072 517 3090 541 ,
3116 486 3270 547 pater

62 547 324 615 sempiterna
366 550 687 615 sanctorum.
727 540 961 595 Lmtetur
1007 556 1135 609 ergo
1177 556 1477 615 cornicum
1527 550 1585 615 ut
1680 543 2194 610 misericordissime,
2219 540 2482 599 desideria
2503 545 2822 615 rugientium
2844 540 3258 615 praicordiorum

63 612 202 674 timeat
226 629 405 685 nomen
432 622 578 667 tuum
601 614 637 685 ί,
674 612 884 685 laetetur
907 626 1000 666 cor
1019 612 1369 685 qumrentium
1404 613 1582 668 Domi-
1685 629 1946 681 meorum,
1970 623 2025 670 et
2044 615 2304 669 clamores
2328 612 2680 685 lacrymarum
2699 612 2973 671 oculorum
2996 633 3264 673 meorum.

62 706 175 753 num,
200 685 283 741 sed
309 684 469 739 multo
495 684 661 757 magis
686 698 782 757 cor
806 683 1207 757 invenientium.
1238 684 1294 757 Si
1320 684 1462 757 enim
1494 684 1585 757 lae:
1684 685 1824 740 Ante
1848 693 1901 741 te
1925 695 2007 740 est
2033 702 2192 741 omne
2217 683 2536 757 desiderium
2563 703 2763 753 meum,
2786 696 2839 741 et
2864 689 3091 757 gemitus
3114 704 3267 745 meus

62 764 144 816 titia
168 758 298 813 estin
316 755 619 825 quaerendo,
642 754 813 830 qualis
834 754 1141 830 ltetitiaerit
1166 754 1217 830 in
1241 754 1586 830 inveniendo?
1686 772 1718 830 ἓ
1747 764 1798 811 ιε
1828 772 1933 830 non
1976 765 2059 812 est
2102 756 2444 830 absconditus
2471 756 2640 830 (Psal.
2674 754 2889 821 xxxv",
2928 758 3040 829 10).
3069 758 3136 813 Ει
3180 768 3235 813 tu
3256 802 3272 826 ,

65 832 260 900 Quanam
288 842 408 896 ergo
432 841 644 900 semper
666 826 988 900 ardenteret
1016 825 1377 900 indesinenter
1399 825 1585 900 faciem
1689 826 1935 900 Domine,
1958 844 2065 900 non
2094 840 2304 884 avertas
2334 825 2521 883 faciem
2551 839 2694 885 tuam
2725 830 2954 899 amplius
2982 825 3010 883 a
3039 845 3145 895 me,
3174 825 3276 885 nec

64 896 189 965 tuam,
212 901 252 955 si
290 897 555 967 quomodo
585 896 797 951 tandem
838 896 1109 969 aperiatur
1135 896 1285 969 mihi
1312 899 1507 969 ostium
1536 905 1591 952 et
1690 898 1928 953 declines
1955 899 2007 953 in
2036 900 2112 953 ira
2142 916 2172 953 a
2203 915 2360 954 servo
2383 910 2473 954 tuo
2503 900 2675 969 (Psal.
2706 896 2853 966 xxvi,
2883 900 2959 969 9).
2996 900 3155 954 Pater
3182 901 3282 955 mi-

60 982 173 1044 porta
195 969 412 1044 iustitiae,
434 978 490 1044 ut
511 970 703 1044 intrem
725 968 777 1044 in
804 967 1054 1044 gaudium
1081 967 1289 1044 Domini
1315 970 1437 1023 mei.
1463 968 1591 1044 llaec
1692 970 2098 1024 sericordiarum
2124 1014 2137 1036 ,
2170 967 2571 1044 audiejulatum
2604 972 2799 1044 pupilli
2844 967 2952 1037 tui,
2975 980 3037 1044 et
3064 971 3281 1041 porrige

61 1036 924 1114 portaiDomittLjusti‘intrabuntin
947 1054 1064 1092 eam
1095 1036 1450 1114 (Psa_l._cxvu,
1471 1038 1588 1114 20):
1693 1055 1932 1114 manum”
1953 1051 2095 1095 tuam
2134 1036 2390 1113 optimam
2420 1036 2737 1114 adjutricein
2757 1084 2771 1107 ,
2804 1050 2862 1114 ut
2887 1036 3189 1114 trahat—me
3216 1036 3285 1097 de

109 1110 305 1172 CAPUT
328 1108 593 1165 XXXVII.
630 1109 806 1163 Oratio
833 1110 901 1162 ad
929 1108 1157 1163 sanctam
1187 1108 1515 1182 _Trinitatem.
1547 1109 1592 1165 Ο
1692 1112 1968 1180 profundis
2006 1108 2297 1182 aquarum,
2327 1123 2380 1167 et
2414 1108 2499 1168 de'
2517 1112 2636 1169 lacu
2672 1112 2902 1168 miseria:
2924 1153 2941 1178 ,
2967 1121 3023 1168 et
3061 1113 3130 1167 de
3173 1113 3285 1168 luto

62 1196 141 1240 tres
160 1182 433 1250 cozequales
475 1191 532 1252 et
572 1191 851 1252 comternae
883 1195 1155 1249 personae,
1186 1180 1326 1235 Deus
1366 1197 1501 1236 unus
1540 1189 1595 1235 et
1694 1182 1841 1237 faecis
1865 1201 1876 1235 :
1903 1199 1969 1237 ne
2000 1180 2213 1252 peream
2245 1183 2455 1238 vidente
2481 1184 2843 1239 misericordia
2866 1184 3139 1239 oculorum
3167 1193 3285 1239 tuo-

61 1268 195 1319 verus,
224 1254 370 1309 Pater
411 1260 466 1325 et
496 1251 661 1307 Filius
689 1262 742 1306 et
770 1252 1004 1325 Spiritus
1033 1252 1421 1325 sanctus,ng
1448 1252 1593 1325 solus
1695 1269 1851 1319 rum,
1888 1251 2178 1325 aspiciente
2221 1254 2502 1309 clementia
2544 1255 2807 1310 viscerum
2853 1263 3063 1308 tuorum
3110 1252 3280 1325 (I’sal.

62 1327 220 1380 habitas
261 1324 607 1378 :eternitatem
656 1331 711 1379 et
768 1323 942 1377 lucem
990 1322 1449 1388 inaccessibilem;
1501 1324 1593 1393 qui
1695 1340 1886 1390 xxxrx,
1915 1322 2010 1393 5);
2039 1326 2133 1379 sed
2156 1326 2375 1380 evadam
2401 1325 2468 1380 ad
2495 1335 2545 1381 te
2570 1326 2856 1380 Dominum
2886 1324 3055 1379 Deum
3079 1322 3278 1391 meum,

62 1396 237 1451 fundasti
268 1405 455 1449 terram
490 1395 545 1448 in
576 1394 808 1463 potentia
836 1405 947 1458 tua,
980 1403 1035 1449 et
1053 1394 1214 1466 gregis
1244 1394 1429 1466 orbem
1462 1410 1591 1464 pru-
1696 1404 1756 1449 ut
1784 1394 1988 1450 videam
2030 1396 2238 1450 divitias
2269 1397 2417 1466 regni
2447 1396 2555 1460 tui,
2590 1406 2643 1451 et
2672 1397 2879 1451 intuear
2906 1396 3093 1451 faciem
3136 1404 3280 1449 tuam

63 1467 217 1531 dentia;
246 1474 484 1529 sanctus,
510 1473 730 1520 sanctus
752 1508 764 1528 ,
797 1473 1012 1519 sanctus
1050 1464 1308 1518 Dominus
1338 1465 1477 1520 Deus
1505 1480 1593 1520 sa-
1698 1481 1930 1534 semper,
1954 1477 2010 1521 et
2040 1466 2247 1521 laudem
2273 1464 2445 1522 dicam
2473 1467 2673 1522 nomini
2699 1478 2788 1522 tuo
2810 1476 3013 1532 sancto,
3043 1467 3282 1528 Domine,

64 1538 194 1601 bamb,
220 1536 457 1608 terribilis
486 1544 543 1591 et
574 1536 750 1608 tortis,
770 1536 942 1602 justus
972 1536 1390 1608 etimisericors,
1419 1535 1589 1590 admio
1696 1537 1785 1606 qui
1812 1537 1941 1591 facis
1961 1538 2240 1600 mirabilia.
2273 1540 2360 1608 qui
2391 1554 2484 1593 cor
2508 1554 2689 1594 meum
2717 1540 2894 1593 laetum
2925 1537 3051 1590 facis
3085 1551 3288 1608 memo-

64 1609 211 1672 rabilis,
242 1606 535 1679 laudabilis,
563 1607 1011 1679 amabilissunus
1034 1607 1195 1679 Deus,
1222 1615 1331 1662 tres
1350 1621 1597 1679 personas
1698 1608 1775 1661 ria
1804 1616 1912 1673 tua,
1944 1610 2031 1679 qui
2061 1606 2325 1663 illuminas
2359 1609 2690 1679 juventutem
2737 1624 2942 1674 meam,
2973 1617 3023 1662 et
3055 1623 3157 1660 non
3190 1607 3280 1661 (ἰε-

64 1680 98 1734 in
115 1694 191 1732 una
203 1677 415 1733 essentia
436 1693 451 1743 ;
469 1681 729 1747 potentia,
757 1678 1036 1746 sapientia,
1061 1678 1287 1743 bonitas,
1313 1693 1416 1732 una
1438 1687 1491 1749 et
1521 1678 1601 1731 in-
1697 1679 1859 1747 spicis
1881 1677 2209 1735 senectutem
2232 1677 2424 1745 meam,
2448 1680 2542 1735 sed
2564 1680 2794 1749 jubilare
2820 1679 2949 1734 facis
2966 1680 3142 1733 omnia
3165 1693 3286 1732 ossa

63 1750 182 1804 divisa
216 1749 437 1821 Trinitas
463 1766 476 1801 :
502 1750 709 1818 aperite
734 1750 755 1780 ²
782 1749 911 1821 mihi
941 1749 1190 1821 clamanti
1226 1748 1601 1821 portasijustij-
1699 1765 1841 1821 mea,
1864 1760 1918 1803 et
1934 1751 2337 1820 rejuvenescere
2358 1753 2374 1783 ¹
2400 1750 2529 1806 facis
2545 1748 2807 1821 utaquilze
2828 1765 2990 1806 canos
3013 1766 3160 1821 meos
3189 1748 3286 1820 (α).

63 1822 147 1883 tiae,
171 1829 218 1875 et
255 1819 525 1888 ingressus
556 1821 608 1873 in
648 1834 739 1874 eas
780 1819 1077 1891 conﬁtebor
1120 1820 1365 1891 Domino.
1411 1820 1489 1873 En
1528 1819 1597 1875 ad
1697 1819 1881 1891 Omnis
1902 1822 2091 1890 gloria,
2121 1823 2295 1877 omnis
2324 1822 2459 1886 laus,
2490 1819 2876 1883 omnisivirtus,
2902 1820 3075 1875 omnis
3097 1819 3286 1891 poten-

64 1893 207 1963 ostium
234 1900 391 1955 tuum,
418 1906 631 1963 summe
656 1891 814 1963 Pater
836 1890 1085 1963 familias,
1112 1890 1390 1963 mendicus
1415 1893 1588 1963 pulso.
1698 1890 1770 1963 tia
1796 1933 1811 1957 ,
1857 1893 2033 1947 omnis
2074 1894 2463 1963 magniﬁcentia
2487 1935 2502 1957 ,
2544 1894 2718 1963 omnis
2758 1892 3028 1948 beatitudo
3048 1933 3062 1956 ,
3102 1890 3291 1945 'omnis

62 1962 157 2018 lube
174 1962 352 2033 aperiri
373 1962 641 2033 pulsanti,
667 1963 758 2032 qui
786 1961 1006 2029 dixisti,
1036 1960 1252 2016 Pulsate
1271 1972 1317 2015 et
1338 1962 1596 2033 aperietur
1696 1962 1979 2087 gementia
2021 1964 2091 2020 sit
2131 1960 2243 2020 Deo
2284 1964 2428 2019 Patri
2455 1974 2509 2020 et
2536 1962 2675 2020 Filio
2714 1973 2769 2019 et
2810 1963 3029 2034 Spiritui
3076 1972 3285 2018 sancto.

1746 2049 1890 2087 men.

1746 2049 1890 2089 men.

106 2117 117 2146 1
413 2130 426 2143 ο
1258 2116 1271 2126 '

399 2121 662 2229 ὣιὶἱξιω
692 2128 807 2171 emo
839 2127 922 2166 cor
956 2128 1117 2168 meum
1148 2120 1200 2166 ω
1233 2119 1397 2167 “meat
1429 2127 1601 2166 nomen
1761 2173 1876 2237 {sic
1900 2176 1981 2220 Ms.
2007 2172 2323 2237 Colbertinus.
2354 2178 2411 2237 At
2431 2171 2514 2222 alii
2541 2170 2671 2233 libri,
2695 2168 3000 2223 reviviscere.

108 2240 122 2269 ¹
139 2234 196 2289 Er.
214 2240 351 2303 Lugd.
379 2248 497 2290 Ven.
524 2248 662 2303 hom,
685 2240 843 2306 aperi.
922 2248 979 2290 lt.
1758 2234 1830 2297 (α)
1848 2240 1932 2289 Hic
1954 2237 2192 2288 clauditur
2216 2235 2342 2286 liber
2370 2236 2420 2284 in
2445 2243 2549 2286 Mss.

75 2359 3287 2386 _____________________________________________.

1109 2456 2158 2588 ADMONITIO

962 2668 1043 2729 ΙΝ
1087 2664 1689 2741 SUBSEQUENTES
1730 2662 2359 2727 MEDITATIONES.

1551 2809 1816 2866 9mm

120 2945 302 3002 Librum
344 2948 489 3004 hunc
532 2946 937 3004 Meditationum
964 2948 1102 3004 inter
1129 2964 1415 3019 germanos
1442 2948 1719 3019 Augustini
1761 2949 1899 3003 fetus
1928 2946 1982 3002 in
2014 2955 2159 3002 tomo
2183 2960 2327 3003 nono
2353 2943 2681 3016 reliquerunt
2703 2941 3085 3008 Lovanienses,
3116 2956 3301 3013 neque

69 3036 113 3091 de
135 3055 186 3094 eo
211 3041 619 3111 pronuntiarunt
660 3041 804 3095 aliud
824 3083 840 3110 ,
889 3056 1047 3111 quam
1080 3041 1132 3096 id
1162 3041 1302 3112 quod
1331 3052 1486 3098 antea
1523 3040 1773 3097 dubitans
1802 3042 2143 3110 incertusque
2181 3039 2439 3095 Erasmus
2476 3036 2668 3093 iisdem
2709 3036 2821 3092 fere
2846 3034 3027 3092 verbis
3061 3034 3304 3103 dixerat,

69 3130 280 3187 Auctorem
309 3135 561 3191 videlicet
586 3151 693 3189 esse
722 3134 802 3188 vel
824 3134 1183 3207 Augustinum,
1218 3136 1294 3191 vel
1317 3138 1403 3207 qui
1433 3138 1541 3207 ejus
1571 3136 1725 3191 libros
1748 3153 1852 3191 non
1877 3137 2200 3207 indiligenter
2229 3136 2367 3207 legit.
2401 3134 2706 3190 Bernartius
2734 3133 3029 3205 Vindingns
3059 3132 3304 3204 suspica-

69 3231 125 3278 tus
145 3234 211 3281 est
234 3227 297 3283 ab
322 3229 587 3284 Anselmo
630 3229 1000 3284 Cantuariensi
1045 3228 1375 3300 profectum,
1424 3231 1704 3299 Augustini
1732 3240 1913 3285 autem
1943 3244 2049 3285 non
2081 3244 2202 3286 esse
2243 3228 2325 3284 his
2363 3228 2694 3300 argumentis
2729 3227 3131 3284 demonstravit.
3172 3227 3307 3282 Nam

70 3329 151 3385 cap.
174 3320 225 3373 51
260 3320 381 3375 dicit
404 3321 815 3376 Meditationum
839 3321 1068 3390 scriptor
1092 3322 1244 3391 ﬁdem
1270 3338 1418 3376 suam
1441 3321 1502 3375 ab
1523 3322 1648 3393 ipsis
1668 3322 1941 3376 enutritam
1961 3321 2246 3387 cunabulis,
2270 3330 2317 3375 et
2337 3321 2678 3375 illuminatam
2698 3336 2895 3390 semper
2915 3336 3004 3392 per
3024 3317 3311 3389 intelligen-

70 3409 152 3461 tiam
173 3412 333 3481 gratia:
369 3412 580 3467 divinae.
611 3412 744 3466 Tum
772 3427 890 3483 cap.
920 3412 988 3468 59
1018 3424 1072 3468 et
1096 3413 1187 3480 41,
1221 3412 1309 3468 ubi
1348 3428 1444 3467 sua
1473 3420 1693 3482 peccata
1722 3413 1916 3478 deﬁet,
1954 3413 2133 3468 multis
2161 3412 2375 3484 quidem
2404 3421 2461 3469 et
2500 3412 2750 3484 gravibus
2777 3420 2899 3483 post
2939 3411 3271 3482 Baptismum
3290 3450 3305 3476 ,

69 3503 133 3556 sui
158 3514 312 3562 tamen
336 3518 463 3564 ante
489 3507 829 3577 Baptismum
856 3508 971 3562 solo
1010 3523 1069 3562 se
1106 3506 1349 3577 originali
1377 3515 1597 3579 peccato
1635 3506 1926 3578 obligatum
1963 3506 2129 3563 fuisse
2154 3507 2438 3578 signiﬁcat.
2471 3506 2598 3561 llaec
2623 3522 2755 3563 vero
2780 3504 3002 3567 minime
3025 3505 3313 3561 convenire

68 3595 102 3650 in
124 3598 442 3669 Augustinum
464 3643 478 3668 ,
528 3616 694 3656 nemo
732 3610 815 3657 est
844 3600 932 3671 qui
960 3600 1372 3656 Confessionum
1415 3601 1583 3670 ipsius
1622 3601 1850 3671 cognitis
1878 3601 2030 3657 libris
2060 3600 2290 3671 ignoret.
2321 3602 2522 3656 Auctor
2547 3609 2808 3672 praeterea
2838 3600 3036 3671 passim
3073 3598 3313 3670 exeerpit

69 3693 308 3747 sententias
342 3693 634 3763 Augustini
655 3733 670 3758 ,
719 3708 915 3763 easque
945 3692 1210 3748 interdum
1243 3708 1350 3748 non
1380 3693 1654 3762 sinceras,
1696 3694 1949 3760 adhibet,
1997 3709 2095 3749 nec
2124 3709 2381 3764 germano
2410 3709 2593 3749 earum
2620 3709 2803 3750 sensu.
2834 3692 3083 3765 Exempli
3108 3693 3307 3764 gratia,

67 3780 160 3837 dixit
182 3778 494 3857 Augustinus
540 3786 667 3841 libri
699 3787 725 3840 1
759 3784 1002 3841 Confess.
1034 3786 1205 3856 capite
1240 3788 1303 3853 1,
1345 3785 1583 3842 Laudare
1625 3798 1673 3843 te
1714 3788 1819 3842 vult
1864 3787 2012 3841 homo
2062 3786 2233 3855 aliqua
2271 3787 2436 3857 portio
2478 3796 2727 3841 creatum
2751 3794 2854 3842 tute
2878 3803 2899 3842 :
2925 3785 3012 3842 hic
3040 3796 3217 3843 autem
3256 3786 3311 3842 in

69 3870 412 3935 lleditationum
435 3878 623 3950 capite
649 3880 739 3944 55,
767 3877 966 3933 Laudet
990 3888 1037 3932 te
1058 3879 1207 3933 homo
1229 3896 1416 3950 magna
1437 3883 1610 3952 portio
1627 3891 1871 3937 creatura:
1896 3890 2013 3935 tuae.
2043 3880 2110 3935 Et
2136 3880 2265 3935 illud
2295 3880 2418 3935 libri
2446 3880 2515 3935 12
2537 3880 2780 3937 Confess.
2804 3895 2924 3951 cap.
2952 3880 3041 3948 15,
3066 3879 3111 3934 0
3131 3881 3313 3935 domus

68 3965 263 4024 luminosa
279 3981 322 4025 et
337 3973 731 4042 speciosa,etc.,
754 3970 896 4041 quod
916 3971 983 4026 ab
1004 3972 1301 4043 Augustino
1323 3972 1390 4027 de
1415 3974 1624 4029 ccclesti
1651 3974 1865 4045 epiﬁeio
1883 3972 2082 4028 dictum
2110 3982 2213 4038 est,
2244 3971 2497 4027 transfert
2521 3972 2612 4028 ille
2638 3973 2692 4029 in
2716 3973 2889 4044 capite
2910 3962 3312 4029 Meditationum

68 4056 116 4113 20
134 4062 189 4116 ad
209 4062 413 4121 domum
441 4065 544 4121 Dei
570 4064 923 4136 spiritualem,
951 4066 1229 4122 beatorum
1259 4066 1463 4122 scilicet
1490 4068 1799 4122 societatem
1824 4107 1839 4132 ,
1884 4080 1911 4120 a
1943 4080 2046 4136 qua
2076 4080 2174 4135 pro
2210 4079 2269 4119 se
2298 4065 2443 4134 cupit
2466 4066 2637 4120 Deum
2668 4064 2830 4121 orari.
2857 4064 3123 4121 Mutuatur
3149 4066 3311 4122 etiam

69 4148 104 4204 in
126 4168 223 4225 cap,
250 4156 315 4210 22
336 4158 590 4229 quaedam
620 4172 649 4211 a
676 4156 933 4228 Gregorio
955 4174 1019 4214 ex
1047 4157 1265 4212 homilia
1295 4157 1362 4212 57
1396 4157 1449 4211 in
1479 4156 1848 4228 Evangelium,
1876 4165 1931 4211 et
1962 4165 2219 4225 praeterea
2244 4171 2307 4211 ex
2339 4155 2702 4211 ecclesiastico
2729 4154 2913 4212 Ofﬁcio
2940 4156 3101 4213 verba
3127 4172 3314 4228 quam-

69 4241 183 4306 plura
215 4247 263 4302 in
298 4264 451 4321 capp.
485 4249 582 4313 14,
617 4248 704 4313 15,
740 4249 827 4315 17,
859 4249 950 4317 27,
981 4248 1071 4316 55,
1102 4249 1191 4314 55,
1225 4248 1315 4313 59,
1347 4258 1451 4304 etc.
1486 4248 1583 4320 Hyl

1799 4263 1883 4318 aro
1912 4248 2086 4318 capite
2114 4247 2184 4303 26
2213 4247 2403 4303 inserit
2430 4246 2498 4304 de
2528 4248 2697 4319 gloria
2729 4247 2996 4318 paradisi,
3025 4249 3115 4319 qui
3154 4248 3313 4305 Petro

69 4332 262 4397 Damiani
286 4344 440 4415 vulgo
473 4344 799 4414 assignatur.
831 4342 1068 4413 Denique
1096 4342 1219 4398 stilo
1260 4351 1313 4397 et
1342 4341 1665 4399 dictionibus
1691 4342 1854 4399 utitur
1883 4340 2070 4396 alienis
2100 4354 2320 4412 prorsus
2355 4339 2424 4397 ab
2453 4339 2772 4411 Augustino,
2805 4339 2967 4395 veluti
2999 4342 3314 4410 reciprocare

71 4440 144 4492 pro
176 4445 413 4504 repetere;
452 4436 655 4507 proles,
677 4434 871 4490 soboles
901 4443 955 4489 et
980 4435 1243 4504 progenies
1272 4433 1480 4504 poetico
1502 4449 1671 4501 more,
1694 4448 1792 4504 pro
1817 4431 1956 4487 Filio
1984 4430 2112 4499 Dei;
2152 4431 2279 4488 item
2307 4431 2512 4503 gladius
2541 4430 2837 4499 materialis,
2868 4430 3139 4499 tumidare,
3171 4446 3309 4485 mor-

71 4515 221 4589 bidare,
246 4536 341 4582 etc.
364 4527 541 4598 Atque
574 4526 687 4581 haec
713 4526 831 4596 plus
857 4526 986 4582 satis
1013 4534 1188 4594 erant,
1216 4534 1274 4581 ut
1301 4526 1416 4580 istae
1431 4524 1803 4581 Meditationes
1827 4523 2260 4594 abjudicarentur
2280 4524 2598 4596 Augustino.

122 4611 249 4678 Quod
276 4620 587 4675 Anselmum
627 4626 864 4689 spectat,
912 4634 978 4673 ex
1025 4618 1368 4675 Orationibus
1406 4635 1471 4675 ac
1502 4618 1931 4675 Meditationibus
1977 4620 2143 4691 ipsius
2181 4620 2397 4677 nomine
2428 4620 2657 4692 vulgatis
2691 4619 3030 4675 continentur
3054 4618 3158 4676 hoc
3177 4618 3315 4676 libro

72 4716 153 4758 non
174 4723 356 4779 pauere,
382 4714 593 4770 scilicet
621 4714 675 4768 in
703 4722 931 4784 quatuor
959 4714 1223 4784 capitibus
1251 4715 1513 4785 prioribus
1539 4713 1722 4769 Oratio
1747 4713 1989 4787 decima;
2023 4714 2076 4768 in
2107 4714 2227 4769 aliis
2252 4723 2481 4786 quatuor
2510 4714 2750 4784 proxime
2772 4714 3138 4784 sequentibus,
3155 4713 3206 4769 id
3234 4722 3317 4770 est

76 4802 114 4856 in
135 4807 176 4871 5,
204 4814 250 4876 6,
280 4814 308 4866 7
341 4824 393 4869 et
426 4815 460 4869 8
480 4855 495 4879 ,
529 4813 714 4869 Oratio
738 4812 972 4867 secunda
997 4830 1011 4867 :
1034 4820 1220 4882 quarta
1248 4811 1453 4867 decima
1486 4812 1539 4866 in
1568 4813 1740 4883 capite
1769 4828 1947 4878 nono;
1991 4813 2043 4866 in
2084 4810 2294 4867 decimo
2320 4809 2573 4881 vigesima
2620 4809 2809 4879 prima.
2843 4806 3099 4863 Nonnihil
3129 4816 3317 4879 postea

75 4897 383 4964 lleditationis
407 4909 477 4964 18
505 4910 559 4964 in
589 4908 764 4978 capite
791 4906 858 4962 18
886 4906 1150 4974 occurrit,
1186 4914 1243 4962 et
1268 4907 1418 4977 plura
1442 4906 1799 4962 Meditationis
1826 4907 1895 4961 14
1919 4906 1974 4961 in
1997 4921 2150 4976 capp.
2178 4905 2271 4971 22,
2297 4904 2392 4972 25,
2418 4903 2490 4959 29
2517 4912 2571 4958 et
2594 4903 2683 4959 50.
2716 4902 2947 4957 Rursum
2968 4901 3024 4957 in
3047 4903 3222 4973 capite
3248 4903 3320 4958 54

75 4992 220 5052 Oratio
242 5002 469 5058 Anselmi
500 5003 706 5075 quinta,
736 5000 943 5057 decima
976 5001 1200 5071 septima
1240 5001 1294 5055 in
1320 5002 1389 5057 55
1407 5043 1422 5067 ,
1450 5000 1655 5056 decima
1682 5008 1833 5055 sexta
1876 5000 1929 5055 in
1974 4998 2075 5067 56,
2123 4998 2326 5053 decima
2355 5006 2543 5053 octava
2572 5005 2627 5052 et
2654 4995 2861 5052 decima
2887 5011 3026 5053 nona
3056 4997 3108 5051 in
3135 4996 3223 5063 57,
3255 5010 3321 5051 ac

78 5085 250 5144 laudent
282 5095 332 5148 in
367 5094 547 5164 capite
578 5094 642 5148 41
675 5092 931 5163 vigesima
960 5092 1103 5148 illius
1128 5091 1313 5147 Oratio
1351 5092 1651 5148 exhibetur.
1683 5092 1939 5149 Mittimus
1968 5091 2281 5159 sententias,
2307 5104 2441 5162 quas
2465 5090 2705 5160 reperire
2729 5097 2813 5145 est
2839 5088 2929 5146 hic
2954 5089 3117 5161 capiti
3144 5087 3213 5145 59
3237 5088 3322 5143 in-

80 5186 253 5241 sPersas
272 5198 335 5239 ex
357 5185 597 5254 ejusdem
612 5185 910 5256 Proslogio,
939 5200 1005 5239 ex
1020 5183 1449 5241 Meditationibus
1472 5184 1537 5252 2,
1566 5185 1600 5239 5
1624 5192 1681 5240 et
1708 5183 1796 5251 11,
1825 5198 1892 5238 ex
1919 5180 2174 5245 Oratione
2198 5183 2252 5247 4,
2280 5191 2337 5237 ει
2361 5197 2425 5237 ex
2450 5181 2704 5237 Oratione
2732 5180 2820 5237 62.

135 5269 371 5331 Caeterum
396 5277 530 5332 nihil
554 5277 849 5341 obstemus,
894 5276 1181 5347 quominus
1214 5291 1397 5331 earum
1418 5318 1434 5344 ,
1480 5292 1612 5346 quas
1644 5275 1806 5331 modo
1846 5274 2245 5341 recensuimus,
2274 5273 2587 5329 Orationum
2617 5272 2857 5329 Anselmi
2881 5273 2995 5329 sive
3017 5268 3318 5327 Meditatio-

84 5374 211 5431 num,
242 5366 525 5426 habeantur
550 5370 723 5427 dubiae
762 5370 1006 5441 quasdam
1031 5378 1086 5425 et
1114 5369 1332 5425 incertae
1350 5410 1366 5435 ,
1410 5368 1705 5439 praesertim
1746 5383 1875 5423 vero
1899 5368 1945 5422 si
1972 5383 2092 5438 quae
2117 5374 2241 5422 sunt
2266 5382 2334 5422 ex
2363 5365 2629 5422 variorum
2654 5374 2930 5421 auctorum
2959 5362 3163 5417 laciniis
3192 5374 3322 5415 con-

86 5454 339 5515 minata.
362 5460 663 5529 Quinetiam
688 5460 1026 5518 considerato
1054 5461 1221 5517 veteri
1248 5460 1431 5517 codice
1458 5460 1687 5531 quodam
1723 5475 1792 5517 ex
1830 5460 1888 5515 S.
1916 5460 2177 5530 Arnulpbi
2213 5458 2426 5514 abbatia
2449 5458 2717 5528 Mettensi,
2742 5458 2811 5513 de
2835 5471 2943 5527 quo
2974 5458 3029 5510 in
3059 5453 3314 5509 Veterum

89 5542 414 5609 Analectorum
442 5564 585 5611 tomo
612 5557 667 5622 1,
698 5570 820 5627 pag.
852 5556 977 5621 161,
1006 5554 1162 5611 facile
1190 5556 1512 5611 arbitramur
1536 5554 1721 5611 isthtec
1750 5554 2124 5626 subsequentis
2150 5553 2272 5609 libri
2302 5553 2475 5625 capita
2504 5552 2691 5625 viginti
2717 5559 2963 5623 quatuor,
2988 5548 3077 5616 12,
3106 5550 3194 5618 15,
3224 5550 3316 5619 14,

92 5635 161 5706 15,
184 5640 262 5711 16,
290 5646 373 5716 17,
398 5648 487 5715 18,
518 5648 604 5716 19,
624 5648 718 5715 20,
746 5648 838 5716 21,
865 5648 957 5718 22,
984 5650 1076 5718 25,
1102 5650 1192 5717 24,
1225 5650 1317 5719 25,
1343 5650 1434 5716 27,
1460 5649 1552 5718 28,
1580 5650 1606 5704 2

1817 5650 1905 5715 51,
1934 5648 2025 5715 52,
2046 5648 2137 5715 55,
2169 5649 2258 5714 55,
2287 5648 2357 5704 56
2384 5656 2439 5704 et
2463 5648 2555 5714 57,
2585 5646 2809 5701 Joannis
2836 5659 2980 5713 esse,
3010 5643 3218 5700 abbatis
3245 5644 3324 5701 uti

96 5734 290 5792 creditur
310 5740 713 5810 Fiscamnensis,
745 5742 836 5813 qui
861 5758 1002 5798 anno
1030 5744 1168 5799 1178
1189 5743 1328 5800 diem
1356 5744 1508 5809 obiit,
1542 5743 1798 5800 Anselmo
1818 5742 2010 5798 abbate
2034 5749 2162 5797 tunc
2184 5740 2439 5809 temporis
2470 5738 2743 5794 Beccensi.
2776 5737 2910 5793 Nam
2936 5737 3215 5795 Mettensis
3235 5738 3325 5794 illa

100 5824 254 5898 mdes,
279 5832 419 5903 cujus
448 5836 704 5906 scriptura
742 5835 978 5907 ejusdem
1008 5836 1223 5893 Joannis
1268 5845 1476 5895 aetatem
1514 5837 1739 5907 redolet,
1771 5836 2005 5893 libellum
2029 5842 2375 5905 repraesentat
2402 5830 2664 5901 capitibus
2691 5831 2879 5903 viginti
2910 5842 3138 5903 quatuor
3164 5847 3325 5903 supra
