3834 6276
100 479 177 534 915
1267 464 1464 519 LIBER
1506 462 1613 517 ΜΕΙ

1730 463 2040 519 U'IUNUM.

97 592 190 648 tatis
211 599 257 645 et
281 583 614 642 humanitatis
638 584 691 638 in
716 583 924 653 unitate
947 595 1186 653 persona;
1211 597 1225 646 ;
1259 589 1315 633 ut
1347 596 1453 634 non
1482 581 1616 636 alter

98 665 230 726 Deus,
265 659 392 713 alter
429 656 587 712 homo
614 663 788 726 esset,
834 652 930 726 sed
949 651 1098 707 unus
1115 651 1374 726 idemque
1403 653 1540 726 Deus
1567 659 1622 706 et

95 721 250 796 homo,
285 729 436 783 homo
463 736 513 782 et
553 727 711 780 Deus.
755 724 860 781 Sed
891 723 1018 779 licet
1056 721 1287 778 mirabili
1317 722 1620 796 dignatione

95 794 280 858 Verbum
315 814 434 855 caro
472 796 664 851 factum
695 797 803 863 sit,
854 804 1040 850 neutra
1085 803 1258 848 tamen
1300 808 1366 848 ex
1415 794 1619 848 duabus

94 874 252 930 naturis
285 871 333 925 in
374 869 526 923 aliam
574 875 770 921 mutata
816 874 900 920 est
939 865 1311 920 substantiam.
1344 864 1618 919 Trinitatis

91 943 300 1010 mysterio
319 947 496 1010 quarta
527 953 632 1010 non
660 946 744 1010 est
765 936 945 1010 addiia
970 951 1216 1010 persona.
1243 935 1398 1010 Unita
1422 936 1618 1010 quippe

90 1006 176 1074 esi,
201 1029 292 1067 non
329 1006 541 1065 confusa
577 1009 730 1064 Verbi
763 1008 856 1063 Dei
901 1007 1244 1077 hominisque
1272 1007 1566 1060 substantia
1601 1023 1614 1058 :

91 1098 131 1141 ut
162 1087 202 1139 in
240 1084 389 1138 Deum
418 1079 560 1149 quod
588 1095 650 1135 ex
689 1079 842 1133 nobis
871 1076 1176 1149 susceptum
1224 1076 1396 1149 fuerat
1427 1090 1616 1149 pervej

91 1160 212 1220 niret,
236 1163 283 1210 et
319 1147 447 1207 illud
467 1151 608 1221 quod
637 1165 904 1221 nunquam
933 1164 1039 1221 non
1060 1148 1270 1221 fuerat,
1303 1147 1444 1203 idem
1473 1147 1618 1221 quod

91 1219 256 1297 semper
281 1223 442 1297 fuetjat
471 1219 828 1297 permaneret.
929 1219 1244 1297 admirabile
1269 1219 1612 1297 mysterium!

91 1317 113 1350 ο
134 1289 445 1352 inenarrabile
472 1289 862 1348 commercium
890 1291 904 1345 l
950 1307 984 1344 ο
1014 1291 1145 1344 mira
1174 1289 1492 1358 semperque
1518 1289 1618 1343 mi-

91 1367 213 1423 randa
249 1365 430 1420 divinae
470 1363 859 1434 propitiationis
888 1361 1237 1434 benignitas!
1289 1361 1440 1434 Servi
1469 1360 1613 1434 digni

42 1441 44 1446 ’
92 1456 164 1492 non
195 1437 390 1501 fuimus,
421 1430 629 1490 et'ecee
670 1433 764 1487 ﬁlii
805 1433 898 1488 Dei
942 1433 1063 1487 facti
1107 1446 1329 1496 sumus;
1372 1430 1615 1486 haeredes

91 1509 252 1578 quidem
276 1505 382 1568 Dei,
404 1503 714 1578 cohteredes
733 1513 917 1578 autem
941 1503 1148 1578 Christi
1167 1501 1341 1577 (Rom.
1360 1518 1472 1568 VIII,
1501 1503 1612 1575 Π).

93 1574 202 1634 ['nde
224 1580 313 1632 hoc
340 1577 512 1638 nobis,
543 1585 598 1631 et
621 1575 744 1646 quid
777 1589 873 1628 nos
901 1574 1152 1646 adhaec?

136 1649 217 1705 Sed
245 1663 364 1718 rogo
393 1657 474 1714 te,
507 1645 926 1702 clementissime
963 1645 1124 1718 Pater
1154 1646 1448 1718 Deus,_per
1475 1645 1614 1699 hanc

92 1714 448 1774 inzrstimabilem
501 1718 794 1788 pietatem,
850 1716 1140 1772 bonitatem
1192 1725 1248 1771 et
1297 1714 1612 1788 charitatem

91 1805 216 1855 tuam,
245 1800 295 1845 ut
321 1786 632 1860 dignos—nos
662 1787 826 1860 facias
853 1789 1034 1860 multis
1063 1796 1118 1842 et
1147 1786 1350 1860 magnis
1380 1787 1612 1860 promis-

90 1863 273 1917 sionibus
297 1857 530 1931 ejusdem
557 1859 677 1914 Filii
705 1859 783 1914 tui
807 1859 1014 1931 Domini
1043 1859 1210 1913 nostri
1231 1857 1364 1931 ,Iesu
1390 1857 1610 1912 Christi.

89 1934 231 1987 llanda
255 1929 422 1986 virtuti
453 1942 578 1998 tua},
609 1939 665 1986 et
692 1930 947 1984 coniitma
977 1929 1080 2000 hoc
1105 1929 1246 2000 quod
1275 1937 1526 2000 operatus
1551 1943 1613 1984 es

88 2006 122 2056 in
144 2005 268 2058 nobis
292 2001 459 2072 (Psal.
492 2018 668 2068 van,
691 2001 819 2065 29).
855 1999 1060 2055 Perﬁce
1095 1998 1237 2071 quod
1281 1999 1521 2072 coepisti,
1555 2010 1613 2054 ut

88 2076 131 2156 id
151 2071 330 2144 plenam
359 2082 459 2156 tua:
482 2073 702 2156 pietatis
728 2071 1284 2156 gratiamomei'eamur
1305 2071 1606 2153 pervenire.

91 2142 163 2199 Fac
182 2160 265 2198 nos
293 2160 382 2214 per
405 2142 666 2214 Spiritum
692 2142 932 2199 sanctum
963 2142 1280 2214 intelligere,
1306 2151 1358 2196 et
1387 2142 1607 2206 mereri,

88 2225 123 2268 et
143 2213 527 2286 debito’semper
558 2216 762 2270 honore
786 2215 1029 2286 venerari
1070 2213 1170 2269 hoc
1200 2228 1450 2286 magnum
1492 2215 1608 2282 pie-

88 2284 536 2359 tatismysterium,
582 2287 724 2359 quod
767 2284 1160 2359 manifestatum
1202 2293 1284 2359 est
1325 2284 1376 2338 in
1422 2299 1603 2359 carne,

87 2354 365 2425 justiﬁea'tum
385 2354 472 2412 est
499 2358 551 2411 in
579 2354 791 2427 spiritu,
819 2357 1063 2426 apparuit
1083 2354 1322 2427 Angelis,
1350 2356 1611 2426 praedica-

89 2439 164 2481 tum
188 2437 259 2484 est
283 2429 536 2484 Gentibus
558 2469 574 2493 ,
609 2425 868 2482 creditum
895 2425 995 2481 est
1032 2427 1087 2480 in
1131 2425 1366 2491 mundo,
1398 2441 1606 2484 assum~

89 2508 190 2566 ptum
213 2508 286 2554 est
310 2501 358 2553 in
384 2500 552 2567 gloria
585 2499 637 2566 (ι
659 2497 794 2552 Tim.
818 2514 894 2562 ιιι,
929 2497 1040 2567 16).

132 2569 322 2626 CAPUT
357 2565 518 2624 XVII.
584 2565 787 2636 Quanta
840 2568 949 2622 Deo
1001 2565 1284 2622 debeamus.
1342 2565 1492 2633 Quod
1545 2567 1609 2622 de

89 2639 162 2706 ipso
184 2643 220 2694 ei
255 2642 540 2695 serviamus.
578 2640 663 2694 Ea:
701 2643 747 2694 vi
790 2640 1086 2694 collaturum
1126 2655 1388 2693 munerum
1435 2639 1606 2707 petitio

89 2713 266 2782 aliorum.
296 2712 337 2766 Ο
363 2722 623 2782 quantum
669 2712 764 2782 tibi
806 2726 990 2766 sumus
1031 2709 1332 2771 debitores,
1381 2709 1608 2782 Domine

89 2781 185 2836 Deus
222 2780 426 2848 noster,
479 2792 632 2836 tanto
675 2781 936 2850 redempti
979 2782 1186 2852 pretio,
1236 2789 1380 2835 tanto
1419 2780 1606 2835 salvati

87 2852 214 2920 dnuo,
242 2863 289 2908 et
325 2864 425 2907 tam
468 2854 706 2923 glorioso
735 2852 901 2922 adjnti
931 2852 1229 2907 beneﬁcio!
1280 2853 1545 2920 Quantum
1575 2867 1607 2906 a

86 2924 196 2978 nobis
229 2925 420 2979 miseris
448 2924 719 2979 timendus
758 2933 843 2978 est
869 2931 923 2977 et
967 2923 1258 2989 amandus,
1290 2923 1608 2978 benedicen-

87 2992 161 3045 dus
178 3005 220 3049 et
244 2996 523 3051 laudandus
543 3038 556 3061 ,
603 2995 948 3050 honorandus
972 3004 1025 3048 et
1063 2994 1441 3064 gloriﬁcandns
1462 3035 1474 3056 ,
1516 2994 1606 3062 qui

87 3079 156 3118 nos
175 3068 238 3120 sic
259 3069 458 3134 amasti,
483 3069 562 3122 sic
586 3066 822 3131 salvasti,
853 3066 931 3119 sic
954 3065 1318 3130 sanetiﬁcasti,
1344 3065 1420 3119 sic
1441 3064 1607 3118 subli-

86 3139 228 3190 musti!
268 3137 379 3193 Tibi
415 3153 611 3207 nempe
646 3137 907 3192 debemus
935 3151 1095 3190 omne
1119 3135 1259 3204 quod
1303 3150 1605 3207 possumus,

88 3219 200 3279 emne
235 3209 365 3278 quod
408 3206 677 3279 sapimus,
711 3221 870 3279 omne
895 3207 1052 3279 quod
1082 3207 1328 3279 vivimus.
1381 3206 1446 3260 Et
1489 3207 1608 3276 quis

90 3275 204 3331 habet
224 3275 493 3350 quidquam
520 3295 630 3335 non
660 3278 842 3350 tuum?
869 3275 969 3342 Tn,
997 3277 1216 3330 Domine
1239 3277 1380 3332 Deus
1404 3275 1603 3342 noster,

88 3361 209 3415 aquo
240 3348 370 3404 bona
403 3363 596 3406 cuneta
639 3348 951 3421 procedunt,
983 3357 1202 3421 propter
1232 3355 1284 3400 te
1311 3355 1369 3421 et
1413 3363 1610 3421 nomen

91 3429 270 3474 sanctum
299 3431 438 3477 tuum
479 3423 546 3477 da
592 3418 748 3476 nobis
791 3421 858 3475 de
886 3419 1042 3474 bonis
1070 3419 1203 3481 tuis,
1237 3425 1295 3471 ut
1339 3418 1406 3473 de
1453 3419 1609 3472 donis

88 3502 128 3539 ac
145 3490 258 3545 datis
283 3495 381 3549 tuis
404 3495 703 3548 serviamus
729 3490 846 3556 tibi,
871 3499 924 3545 et
951 3491 1003 3544 in
1030 3490 1252 3543 veritate
1281 3488 1604 3558 placeamus,

89 3569 203 3635 atque
223 3562 414 3635 debitas
455 3564 697 3635 quotidie
742 3564 924 3635 laudes
973 3559 1326 3635 rependamus
1373 3559 1466 3635 tibi
1512 3576 1610 3635 pro

89 3632 206 3686 tantis
227 3631 486 3691 beneﬁciis
507 3633 892 3690 misericordiae
915 3641 1019 3686 tuae
1046 3651 1058 3685 :
1094 3645 1200 3686 non
1226 3631 1367 3686 enim
1394 3631 1610 3686 aliunde

89 3713 312 3765 possmus
357 3707 446 3760 tibi
497 3708 704 3762 servire
751 3719 922 3774 neque
967 3703 1210 3773 placere,
1257 3703 1357 3774 nisi
1405 3703 1472 3756 de
1519 3713 1610 3756 tno

90 3786 277 3846 munere.
310 3776 464 3832 Omne
503 3779 680 3830 datum
707 3773 988 3846 optimum,
1016 3783 1064 3828 et
1100 3789 1246 3846 onine
1274 3773 1465 3846 donum
1495 3790 1610 3843 per-

87 3845 228 3909 fectum
254 3848 504 3902 desursum
535 3858 608 3903 est
631 3890 644 3913 ,
676 3842 980 3901 descendens
1009 3861 1041 3897 a
1070 3853 1120 3898 te
1153 3842 1309 3897 Patre
1337 3844 1606 3908 (intimum,

88 3915 188 3986 apud
224 3933 355 3986 quem
408 3937 507 3973 non
557 3928 628 3972 est
675 3917 1063 3980 transmutatio,
1115 3931 1204 3968 nec
1251 3915 1610 3968 vicissitudinis

90 3982 339 4061 obtimbratio
364 3989 561 4060 (Jacobi
594 4006 630 4056 ι,
661 3991 772 4061 17).

138 4054 326 4113 Domine
351 4054 487 4115 Deus
528 4054 745 4124 noster,
779 4059 917 4112 Deus
948 4058 1059 4126 pie,
1093 4056 1231 4111 Deus
1260 4055 1399 4111 bone
1421 4098 1434 4118 ,
1470 4055 1610 4111 Deus

89 4129 398 4204 omnipotens,
431 4133 504 4204 (ιι)
536 4134 678 4186 Deus
715 4128 1003 4204 Ainetl‘abilis
1040 4137 1095 4182 et
1136 4127 1611 4204 incircumscriptze

90 4203 262 4258 naturae.
292 4198 554 4257 institutor
583 4202 820 4257 omnium
863 4215 1039 4254 rerum
1061 4241 1074 4260 ,
1104 4207 1158 4252 et
1185 4198 1394 4251 Domini
1443 4199 1611 4252 nostri

88 4262 180 4319 Jesu
220 4268 397 4344 Qhristi
447 4275 640 4340 Pater,
687 4270 1066 4344 quieumdem
1118 4268 1371 4344 dilectum
1415 4268 1611 4344 Filium

91 4344 200 4391 tuum
225 4341 487 4399 Dominum
515 4338 756 4400 nostrum
781 4342 1148 4396 dulcissimum
1176 4340 1366 4392 misisti
1397 4338 1464 4393 de
1491 4340 1610 4392 sinu

91 4414 156 4457 tuo
178 4411 231 4463 ad
265 4415 518 4481 publicum
555 4423 796 4470 nostrum
841 4413 1113 4481 suscipere
1143 4411 1303 4481 vitam
1351 4417 1609 4481 nostram,

92 4487 131 4528 ιιι
153 4480 284 4552 pubis
309 4485 524 4542 donaret
554 4502 703 4539 suam
728 4527 744 4552 ,
789 4480 1038 4551 essetque
1068 4480 1330 4550 perfectus
1374 4480 1517 4534 Dens
1545 4497 1611 4535 ex

93 4555 130 4627 ιο
153 4549 307 4627 Patre,
337 4567 388 4612 et
414 4559 679 4627 perfectus
706 4549 870 4627 homo
893 4549 963 4627 ex:
987 4549 1156 4607 matre
1176 4595 1191 4617 ,
1221 4560 1362 4606 totus
1391 4552 1530 4606 Deus
1560 4560 1615 4605 et

93 4624 381 4697 lttlushumo,
407 4624 542 4683 unus
575 4629 819 4697 idemque
843 4625 1106 4684 Christus,
1137 4634 1372 4678 aeternus
1397 4631 1452 4677 et
1482 4632 1616 4676 tem-

95 4693 266 4765 poralis,
295 4698 597 4754 immortalis
621 4707 674 4753 et
701 4693 990 4752 moriturus
1011 4735 1026 4759 ,
1057 4703 1266 4749 creator
1296 4706 1351 4748 et
1377 4701 1610 4757 creatus,

98 4759 212 4816 l'ortis
231 4776 275 4820 et
299 4770 549 4835 inﬁrmus,
576 4771 746 4824 victor
775 4779 828 4823 et
852 4769 1022 4821 victus
1043 4767 1083 4828 ⁸,
1113 4765 1339 4818 nutritor
1365 4774 1420 4819 et
1445 4765 1619 4818 nutri-

100 4837 182 4909 llis,
214 4849 371 4904 pastor
397 4851 447 4896 et
481 4843 629 4905 ovis,
676 4838 1042 4907 temporaliter
1068 4844 1312 4890 mortuus
1345 4845 1398 4890 et
1438 4844 1616 4909 tecum

98 4907 239 4960 vivens
263 4909 309 4963 in
333 4919 584 4967 aeternum
615 4929 627 4965 :
659 4912 768 4965 suis
795 4909 1142 4963 dilectoribus
1166 4909 1288 4960 vitae
1319 4907 1614 4975 municipa-

100 4978 180 5054 tum
218 4981 506 5054 promittens
549 4983 729 5048 dedit,
764 4990 818 5054 et
863 4979 1015 5034 nobis
1058 4978 1222 5054 dixit,
1255 4978 1619 5054 Quodcumque

99 5046 288 5106 petieritis
319 5049 515 5107 Patrem
559 5055 611 5106 in
657 5046 857 5106 nomine
901 5066 1011 5102 meo
1031 5091 1046 5113 ,
1088 5049 1225 5112 dabit
1268 5048 1404 5102 vobis
1434 5046 1615 5117 (Joan.

101 5125 171 5177 κν,
195 5117 288 5194 iii).
331 5122 424 5178 Per
464 5126 635 5194 ipsum
666 5138 934 5178 summum
975 5119 1318 5194 sacerdotem
1349 5128 1404 5194 ei.
1431 5134 1618 5194 verum

102 5187 348 5266 Poniiiicem
376 5205 422 5250 et
449 5187 644 5250 bimum
673 5203 943 5266 pastorem
963 5233 978 5257 ,
1007 5192 1096 5260 qui
1132 5207 1191 5245 se
1229 5191 1322 5246 tibi
1351 5190 1542 5244 obtulit
1567 5192 1620 5244 in

101 5258 360 5318 sacriﬁcium
379 5307 393 5332 ,
421 5281 624 5336 ponens
649 5258 883 5336 a'nimam
913 5258 1195 5336 suampro
1219 5277 1380 5332 grege
1406 5277 1504 5316 suo
1522 5303 1536 5325 ,
1571 5271 1623 5315 te

104 5337 201 5407 γοεο
231 5348 242 5382 :
269 5348 363 5407 per
403 5332 569 5407 ipsum
613 5338 702 5406 qui
749 5335 904 5407 sedet
946 5333 1011 5388 ad
1059 5332 1524 5407 dexteram_tuam
1569 5340 1625 5387 et

106 5404 351 5469 Interpellat
389 5403 482 5478 pro
529 5403 702 5469 nobis.
752 5406 1183 5478 Redemptorcni
1211 5413 1265 5458 et
1305 5403 1624 5478 advocatum

109 5478 321 5544 nostrum,
349 5475 520 5546 pietati
547 5488 601 5535 et
630 5478 853 5534 bonitati
883 5485 987 5530 tuae
1012 5475 1276 5545 supplico,
1310 5475 1624 5530 clementis-

106 5547 210 5593 sime
229 5554 279 5617 et
311 5551 660 5606 amantissime
688 5558 742 5604 et
782 5547 1161 5617 benignissime
1200 5553 1408 5617 amator
1447 5547 1624 5599 homi-

107 5618 205 5662 num
228 5613 379 5688 Deus,
405 5620 474 5693 (b)
501 5631 560 5677 ut
599 5621 699 5677 des
726 5620 856 5674 mihi
897 5613 1020 5674 cum
1048 5618 1241 5673 eodem
1272 5616 1409 5672 Filio
1454 5626 1546 5670 tuo
1573 5623 1629 5671 et

155 5775 270 5844 {Sec
288 5789 358 5835 Ms.
381 5793 504 5836 Mett.
528 5800 622 5838 nec
643 5785 868 5836 Aleuinus
896 5784 1099 5844 habent,
1123 5781 1272 5844 victor
1295 5785 1342 5832 et
1363 5780 1532 5844 victus.

163 5837 376 5902 (“Herba
397 5837 600 5909 Confess.
640 5848 820 5898 Alcuin.
846 5853 971 5909 part.
998 5845 1046 5905 2,
1086 5837 1136 5894 n.
1160 5843 1219 5902 6;
1255 5851 1308 5895 et
1347 5853 1471 5906 part.
1501 5843 1552 5903 4,
1577 5856 1628 5894 ιι.

114 5895 689 5974 ίὶλρςειιοιιλὶὁιιὶιῖἧθς.
698 5895 816 5967 ⁷155,
842 5895 890 5957 é.

161 5960 215 6026 (θ)
233 5971 286 6016 Ex
305 5970 466 6021 Alcuin.
490 5960 699 6024 Con-fess.
725 5960 863 6036 parte
885 5968 934 6031 2,
959 5981 1008 6017 ιι.
1033 5969 1080 6017 7.

3211 478 3314 533 (ιιι

1741 593 1924 662 sancto
1952 593 2042 639 tuo
2067 584 2267 662 Spiritu
2295 594 2346 640 te
2376 588 3045 662 inomnibnsbenedicere
3073 601 3126 645 et
3151 593 3312 662 glori-

1731 653 1914 732 iicare,
1946 672 2066 710 cum
2097 653 2260 732 multa
2301 659 2478 713 cordis
2506 661 2828 716 contritione
2867 671 2918 716 et
2957 653 3310 732 lacrymarum

1731 724 1907 790 fonte,
1940 741 2061 781 cum
2089 730 2250 802 multa
2299 732 2596 785 reverentia
2627 741 2681 786 et
2719 742 2950 786 tremore
2981 750 2993 785 :
3027 724 3149 800 quia
3175 749 3312 802 quo-

1729 813 1848 851 rum
1886 813 1987 851 una
2032 807 2115 852 est
2159 799 2477 868 substantia,
2525 818 2687 856 unum
2733 813 2815 857 est
2858 811 2912 858 et
2956 799 3158 857 datum.
3193 799 3311 860 'Scd

1727 868 1977 946 quoniam
2021 885 2202 946 corpus
2244 871 2378 946 quod
2417 874 2756 942 corrumpitur
2803 883 3043 946 aggravat
3088 875 3315 929 animam

1729 937 2004 1021 (Sanum,
2034 937 2164 1021 15),
2209 937 2404 1005 eicita,
2454 937 2656 1013 quaeso,
2700 937 2968 1021 torporem
2999 961 3174 1000 meum
3206 947 3315 1021 tuis

1727 1011 1978 1086 stimulis,
2005 1021 2059 1065 et
2097 1011 2178 1086 fac
2215 1029 2301 1086 me
2329 1011 2544 1068 strenue
2572 1011 2915 1085 perseverare
2943 1017 2997 1070 in
3029 1016 3312 1086 praeceptis

1726 1087 1783 1134 et
1821 1080 2062 1137 laudibus
2092 1083 2195 1137 tuis
2238 1083 2325 1139 die
2363 1100 2426 1138 ac
2464 1080 2639 1140 nocte.
2695 1086 2892 1142 Tribue
2935 1096 2990 1142 ut
3031 1080 3313 1143 concaleat

1725 1165 2016 1233 conmepm
2032 1154 2181 1233 intra
2203 1169 2309 1222 me,
2334 1157 2463 1233 etin
2485 1157 2972 1233 meditationemea
2996 1159 3312 1233 exardeseat

1727 1222 1862 1290 ignis
1894 1222 2061 1300 (Psal.
2094 1241 2328 1300 X_X_XVlll,
2361 1227 2444 1300 4).
2477 1226 2554 1300 (a)
2585 1228 2650 1283 Et
2677 1230 2798 1298 quia
2837 1229 2958 1300 ipse
3003 1239 3122 1284 tuus
3154 1231 3311 1285 unice

1725 1301 1885 1349 natus
1904 1293 2077 1371 dixit,
2104 1295 2269 1350 Nemo
2306 1293 2437 1371 veni;
2463 1293 2670 1366 ad'me,
2695 1293 2801 1354 nisi
2828 1293 3017 1371 P'ater,
3049 1301 3136 1371 qui
3172 1301 3309 1354 misit

1727 1380 1846 1442 me,
1865 1367 2072 1442 traxerit
2097 1383 2242 1442 eum;
2268 1376 2350 1434 et,
2382 1367 2547 1442 Nemo
2573 1372 2705 1425 venit
2741 1371 2810 1424 ad
2835 1370 3043 1425 Patrem
3061 1367 3180 1425 ’τιἱεὶ
3219 1389 3309 1442 per

1723 1451 1805 1488 me
1829 1434 2018 1513 (Joan_.
2045 1453 2134 1503 vr,
2174 1439 2277 1498 44:
2327 1455 2444 1504 XIV,
2484 1439 2600 1513 6);:
2640 1443 2865 1498 obsecro
2903 1452 2956 1496 et
2995 1434 3308 1511 suppliciter

1722 1520 1872 1583 rogo,
1908 1507 2058 1583 trahe
2085 1525 2172 1563 me
2203 1519 2254 1583 in
2282 1525 2494 1583 semper
2521 1507 2586 1566 ad
2627 1513 2822 1583 ipsum,
2854 1522 2906 1566 et
2936 1515 3048 1583 ipse
3064 1507 3160 1567 me
3187 1523 3305 1566 tan-

1722 1576 1844 1630 dem
1872 1578 2126 1648 perducat
2152 1580 2218 1634 ad
2247 1590 2299 1635 te
2326 1576 2450 1636 illuc
2471 1625 2486 1647 ,
2520 1585 2606 1637 ubi
2648 1576 2742 1640 ille
2771 1576 2852 1638 est
2878 1584 2932 1638 in
2956 1576 3182 1640 'dextera
3213 1591 3306 1638 tua

1721 1647 1952 1731 sedens;
1980 1650 2069 1704 ubi
2096 1652 2418 1731 sempiterna
2445 1664 2528 1708 est
2551 1655 2655 1731 vita
2687 1664 2738 1710 et
2762 1655 3090 1731 sempiterne
3118 1656 3301 1731 beata;

1722 1718 1814 1772 ubi
1841 1729 1924 1774 est
1951 1735 2102 1774 amor
2128 1718 2424 1791 perfectus,
2453 1734 2507 1779 et
2533 1727 2708 1781 nullus
2738 1718 2902 1781 timor
2917 1743 2932 1790 ;
2966 1725 3053 1779 ubi
3081 1734 3165 1780 est
3186 1726 3305 1780 dies

1720 1799 1990 1857 aeternus,
2021 1801 2076 1847 et
2105 1809 2240 1847 unus
2279 1795 2518 1849 omnium
2557 1797 2813 1864 Spiritus;
2861 1797 2947 1852 ubi
2975 1805 3058 1852 est
3096 1811 3307 1850 summa

1719 1869 1776 1914 et
1798 1871 1954 1943 feria
1997 1865 2276 1943 securitas,
2323 1873 2378 1943 ei.
2425 1869 3018 1943 secura_tranqnillitas:
3044 1876 3118 1943 _et
3157 1878 3306 1922 tran-

1719 1932 1884 2004 quilla
1907 1932 2245 2002 jucunditas,
2275 1945 2328 1990 et
2353 1935 2584 2004 jucunda
2617 1932 2844 1993 felicitas
2864 1981 2879 2004 ,
2909 1948 2962 1993 et
2991 1937 3114 1992 felix
3145 1947 3306 1992 teter-

1720 2003 1879 2070 nitas,
1909 2013 1963 2058 et
1985 2013 2184 2059 aeterna
2213 2003 2508 2074 beatitudo,
2536 2016 2590 2061 et
2615 2008 2768 2064 beata
2796 2009 2868 2063 tui
2900 2010 3016 2064 sine
3045 2009 3147 2062 ﬁne
3172 2009 3307 2062 visio

1721 2082 1879 2144 atque
1905 2074 2139 2130 laudatio
2164 2094 2178 2130 :
2206 2078 2293 2131 ubi
2324 2089 2376 2132 tu
2403 2094 2524 2134 cum
2551 2078 2659 2142 illo,
2686 2089 2738 2134 et
2764 2081 2850 2135 ille
2881 2089 3054 2134 tecum
3082 2080 3133 2133 in
3160 2094 3308 2134 com-

1719 2148 1974 2221 munione
1999 2147 2168 2202 sancti
2195 2147 2425 2221 Spiritns
2450 2149 2774 2205 eeternaliter
2811 2167 2874 2205 ac
2911 2149 3304 2221 sempiternali-

1717 2223 1802 2341 ger
1822 2216 1956 2270 vivis
1981 2226 2033 2272 et
2059 2216 2250 2289 regnas
2268 2220 2406 2275 Deus
2433 2236 2527 2290 per
2547 2221 2723 2276 omnia
2746 2222 2942 2278 saecula
2964 2216 3305 2277 saeculorum.

1769 2303 1910 2341 men.

1769 2303 1910 2342 men.

1717 2400 2154 2478 CAXVIH.
2180 2404 2418 2478 Precatio
2447 2407 2515 2460 ad
2549 2407 2825 2461 Christum.
2853 2407 2990 2474 Quid
3007 2409 3114 2478 ipse
3133 2409 3197 2460 sit
3218 2423 3311 2459 no-

1788 2471 1880 2545 bis.
1900 2473 2188 2529 Necessitas
2207 2477 2253 2530 ei
2274 2494 2361 2545 per
2376 2494 2598 2531 amorem
2618 2471 2926 2532 ad/twrendi.
2947 2471 3102 2531 Amor
3122 2478 3310 2531 Christi

1789 2544 1970 2598 domus
1995 2545 2092 2599 Dei
2118 2544 2464 2602 recordatione
2487 2550 2800 2603 accenditur.

1717 2657 1792 2722 (b)
1816 2665 1934 2720 Spes
1981 2673 2092 2708 mea
2113 2660 2299 2711 Christe
2322 2669 2468 2722 Deus,
2493 2663 2740 2712 hominum
2764 2669 2816 2712 tu
2837 2661 2992 2711 dulcis
3010 2669 3211 2721 amator,

1712 2726 1834 2779 Lux,
1862 2722 1954 2780 via,
1979 2725 2092 2780 vita,
2116 2722 2263 2782 salus,
2288 2738 2378 2782 pax
2407 2732 2459 2774 et
2479 2725 2632 2774 decus
2652 2738 2796 2773 omne
2819 2732 3028 2782 tuorum,

1713 2784 1880 2831 Omnia
1900 2797 1988 2844 pro
2009 2798 2216 2847 quorum
2239 2784 2589 2847 vrduistiferre
2611 2785 2788 2845 salute,

1713 2850 1933 2903 Carnem,
1950 2844 2104 2910 vin'cla
2117 2860 2355 2910 _,crucem,
2369 2846 2543 2898 vulnus
2566 2887 2578 2907 ,
2601 2844 2908 2910 mortemque
2935 2882 2949 2905 ,
2975 2844 3271 2909 sepulcrum,

1713 2911 1834 2973 Ppsti
1848 2915 1950 2973 tres
1965 2908 2078 2973 inde
2101 2908 2209 2957 dies
2227 2911 2417 2973 devicta
2440 2919 2597 2960 morte
2631 2908 2919 2973 resurgtins,

1711 2968 1967 3031 Discipulis
1989 2971 2120 3020 visus
2145 3006 2158 3028 ,
2188 2972 2406 3021 nutantia
2428 2973 2571 3021 corda
2590 2968 2876 3030 refer-maps,

1711 3037 1840 3080 Luce
1865 3037 2040 3093 quater
2061 3032 2189 3081 dena
2210 3032 2443 3083 caelorum
2466 3047 2651 3083 summa
2675 3035 2866 3093 petisti:

1713 3094 1844 3144 vivis
1864 3094 1914 3142 iu
1935 3100 2190 3154 eternum,
2215 3107 2344 3144 nunc
2366 3103 2417 3144 et
2440 3109 2530 3158 per
2545 3094 2722 3146 saecula
2744 3108 2977 3158 regnans.

1788 3197 1860 3271 (c)
1885 3199 1968 3271 Tu
1999 3199 2137 3254 Deus
2177 3215 2326 3256 meus
2349 3201 2499 3255 vivus
2536 3210 2589 3255 et
2616 3217 2793 3266 verus,
2824 3208 2975 3270 pater
3015 3214 3163 3254 meus
3186 3213 3309 3252 san-

1713 3270 1850 3334 ctus,
1880 3270 2136 3343 Dominus
2163 3287 2314 3326 meus
2347 3273 2487 3343 pius,
2524 3288 2615 3327 rex
2657 3287 2805 3327 meus
2845 3286 3085 3340 magnus,
3130 3279 3313 3338 pastor

1715 3356 1867 3394 meus
1894 3342 2082 3403 bonus,
2116 3342 2368 3410 magister
2397 3360 2544 3398 mens
2582 3359 2747 3405 unus,
2787 3343 2998 3411 abjutor
3026 3357 3177 3395 meus
3206 3355 3308 3409 op-

1715 3420 1997 3484 portunus,
2040 3412 2267 3484 diiectus
2311 3429 2461 3468 mens
2500 3413 2909 3484 pulcherrimus,
2955 3413 3108 3482 panis
3159 3426 3310 3465 meus

1714 3482 1896 3547 vivus;
1929 3483 2178 3537 sacerdos
2207 3499 2356 3539 meus
2400 3487 2452 3538 in
2481 3482 2758 3551 :eternnm,
2788 3484 2893 3538 dux
2938 3497 3091 3538 meus
3117 3485 3182 3535 ad
3213 3498 3310 3550 pa-

1715 3553 1891 3619 triam,
1925 3555 2012 3608 lux
2052 3569 2170 3608 mea
2214 3570 2357 3620 vera,
2397 3555 2625 3610 dulcedo
2663 3571 2778 3610 mea
2820 3563 3023 3620 saneta,
3064 3553 3146 3607 via
3192 3567 3309 3606 mea

1715 3633 1882 3690 recta,
1915 3625 2174 3694 sapientia
2201 3641 2318 3680 mea
2342 3627 2591 3694 praeclara
2615 3668 2630 3692 ,
2667 3625 2976 3695 simplicitas
3007 3639 3121 3678 mea
3153 3639 3307 3693 pura,

1714 3695 2001 3750 concordia
2047 3711 2166 3750 mea
2205 3697 2458 3766 paciﬁca,
2501 3697 2741 3751 custodia
2784 3712 2900 3750 mea
2949 3705 3108 3766 tuta,
3135 3696 3311 3762 portio

1717 3781 1836 3821 mea
1877 3766 2037 3832 bona,
2065 3765 2219 3821 salus
2240 3783 2356 3822 mea
2387 3768 2729 3836 sempiterna,
2783 3765 3147 3820 misericordia
3193 3780 3311 3818 mea

1716 3852 1928 3906 magna,
1959 3838 2208 3906 patientia
2240 3853 2356 3892 mea
2383 3839 2772 3905 robustissima,
2801 3838 3012 3890 victima
3040 3851 3158 3890 mea
3206 3837 3309 3888 im-

1716 3909 2000 3971 maculata,
2052 3908 2348 3976 redemptio
2395 3925 2512 3962 mea
2553 3919 2755 3973 sant-ta,
2783 3923 2906 3976 spes
2935 3922 3049 3961 mea
3086 3906 3258 3960 futura
3291 3907 3307 3935 ¹

1716 3979 1951 4032 charitas
1995 3993 2112 4032 mea
2157 3979 2424 4048 perfecta,
2458 3979 2777 4032 resurrectio
2817 3993 2933 4031 mea
2964 3986 3166 4038 sancta,
3202 3977 3310 4048 vita

1718 4063 1834 4102 mea
1877 4059 2096 4113 aeterna,
2143 4048 2427 4104 exsultatio
2455 4058 2507 4102 et
2554 4049 2685 4102 visio
2720 4063 2834 4101 mea
2863 4048 3164 4102 beatissima
3193 4047 3312 4100 sine

1721 4120 1825 4173 ﬁne
1849 4134 2118 4173 mansura.
2159 4120 2233 4173 Te
2272 4119 2553 4188 deprecor,
2589 4118 2830 4188 supplico
2859 4125 2912 4171 et
2947 4132 3096 4187 rogo,
3131 4126 3188 4170 ut
3218 4131 3314 4188 per

1719 4199 1772 4243 te
1806 4190 2098 4255 ambulem,
2127 4189 2192 4243 ad
2221 4199 2274 4244 te
2311 4187 2640 4256 perveniam,
2659 4187 2724 4242 in
2756 4198 2808 4243 te
2834 4188 3188 4258 requiescam,
3219 4187 3313 4256 qui

1719 4275 1779 4314 es
1808 4262 1912 4333 via,
1941 4261 2136 4333 veritas
2163 4270 2218 4316 et
2251 4261 2356 4315 vita
2385 4259 2716 4333 (Joan._.\'tv_,
2749 4258 2826 4329 6),
2866 4259 2993 4333 sine
3008 4274 3110 4333 qua
3151 4273 3311 4312 nemo

1719 4331 1863 4386 venit
1891 4331 1956 4385 ad
1989 4331 2198 4386 Patrem
2240 4350 2253 4386 :
2301 4340 2354 4386 te
2382 4329 2524 4387 enim
2565 4331 2814 4386 desidero
2856 4329 3220 4385 dulcissimum
3255 4335 3314 4384 et

1720 4402 2135 4471 pulcherrimum
2169 4403 2470 4458 Dominum.

1789 4473 1835 4548 _O_
1859 4473 2116 4548 splendor
2157 4485 2391 4548 paternae
2429 4473 2632 4548 gloriae,
2676 4473 2764 4543 qui
2799 4471 2955 4548 sedes
2985 4486 3145 4548 super
3171 4469 3315 4524 Che-

1719 4544 1913 4617 rubim,
1939 4554 1992 4598 et
2018 4541 2240 4600 intueris
2263 4541 2534 4617 abyssum,
2563 4541 2744 4599 lumen
2783 4541 3097 4617 veridicum,
3130 4541 3313 4617 lumen

1720 4613 2046 4678 illuminans,
2083 4617 2257 4669 lumen
2287 4613 2613 4678 in'deliciens,
2644 4617 2695 4668 in
2713 4615 2854 4685 quod
2881 4613 3184 4669 desiderant
3205 4615 3316 4665 An-

1719 4685 2161 4759 geliprospicere
2201 4686 2241 4759 (Ι
2262 4686 2402 4740 Petr.
2436 4704 2472 4753 ι,
2504 4688 2629 4756 12);
2659 4701 2905 4759 ecc_e'cor_
2929 4699 3103 4759 meum
3132 4697 3312 4759 coram

1724 4753 1794 4820 te,
1823 4753 2029 4812 discute
2056 4753 2305 4814 tenebras
2343 4759 2480 4825 ejus,
2510 4753 2789 4810 ut'amoris
2834 4756 2908 4810 tui
2935 4754 3172 4809 claritate
3205 4753 3318 4822 ple.

1723 4828 1844 4882 nius
1870 4828 2233 4897 perfundatur.
2263 4827 2338 4899 (d)
2368 4829 2439 4880 Da
2468 4828 2596 4881 mihi
2638 4836 2708 4890 te,
2757 4828 2899 4882 Deus
2940 4841 3111 4891 meus,
3138 4825 3319 4899 redde

1723 4899 1853 4953 mihi
1877 4896 1937 4953 te
1969 4917 1982 4951 :
2015 4915 2081 4954 en
2110 4914 2232 4952 amo
2263 4896 2334 4962 te,
2371 4907 2421 4952 et
2450 4900 2492 4952 si
2517 4913 2700 4966 parum
2730 4906 2832 4966 est,
2862 4913 3035 4952 amem
3068 4896 3315 4950 validius.

1722 4967 1840 5023 Non
1872 4983 2085 5038 possum
2115 4969 2289 5024 metiri
2311 4978 2368 5023 ut
2394 4969 2556 5024 sciam
2581 4977 2834 5038 quantum
2861 4968 3001 5024 desit
3025 4967 3152 5022 mihi
3171 4981 3321 5021 amo-

1724 5041 1801 5094 ris
1831 5040 1909 5094 tui
1933 5040 1998 5093 ad
2027 5040 2075 5094 id
2104 5041 2247 5111 quod
2273 5041 2403 5094 satis
2432 5050 2529 5103 est,
2559 5050 2615 5092 ut
2639 5049 2820 5095 currat
2849 5041 2953 5094 vita
2982 5055 3098 5094 mea
3115 5041 3176 5111 in
3206 5054 3324 5111 am-

1727 5111 1914 5181 plexus
1943 5118 2085 5176 tuos,
2120 5109 2217 5165 nec
2245 5120 2512 5166 avertatur
2530 5111 2702 5164 donec
2729 5111 3085 5166 abscondatur
3111 5109 3164 5163 in
3193 5110 3326 5181 abs-3

1726 5179 1944 5235 condito
2001 5182 2174 5236 Vultus
2200 5183 2292 5235 tui.
2325 5182 2434 5236 Hoc
2457 5192 2659 5236 tantmn
2688 5185 2822 5247 scio,
2866 5183 2985 5252 quia
3015 5181 3149 5234 mala
3191 5179 3325 5252 mibi

1728 5263 1812 5306 est
1839 5261 2034 5322 praeter
2073 5261 2146 5318 te,
2177 5253 2425 5318 Domine,
2460 5270 2563 5307 non
2595 5255 2767 5308 solum
2791 5249 2940 5308 extra
2970 5267 3076 5313 me,
3124 5249 3217 5302 sed
3269 5249 3325 5302 in

1729 5339 1815 5378 me
1840 5325 1985 5399 ipso,
2002 5333 2056 5378 et
2080 5325 2254 5399 oniuis
2281 5325 2429 5393 copia
2457 5341 2575 5396 qum
2607 5325 2745 5380 Deus
2767 5339 2915 5399 mens
2938 5337 3042 5399 non
3068 5330 3170 5381 est.
3197 5333 3325 5399 ege-

1730 5403 1838 5449 stas
1861 5389 1988 5470 mi-hi
2018 5404 2120 5470 est.
2149 5389 2363 5470 Bonum'
2383 5389 2633 5470 namque,
2659 5397 2797 5464 quod
2827 5407 2997 5470 neque
3025 5392 3076 5442 in
3107 5389 3322 5470 melius,
3371 5421 3375 5428 -

1733 5481 1905 5535 neque
1928 5467 1977 5519 in
2009 5467 2243 5522 deterius
2269 5463 2582 5522 commutari
2614 5463 2810 5534 potest,
2836 5472 2891 5535 ιιι
2914 5463 3068 5535 solus
3088 5474 3147 5514 es
3167 5475 3182 5523 ;
3202 5463 3326 5535 quia

1733 5528 1878 5592 solus
1897 5538 2208 5608 simpliciter
2234 5553 2291 5593 es
2316 5557 2328 5591 :
2358 5540 2442 5594 cui
2476 5553 2579 5591 non
2609 5528 2690 5592 est
2714 5528 2855 5588 aliud
2876 5534 3075 5596 vivere,
3101 5528 3324 5584 etalind

1799 5719 1816 5749 ί
1842 5716 1983 5775 Alias,

1799 5778 1872 5840 (α)
1898 5778 2139 5836 Alcutnus,
2165 5791 2274 5840 pag.
2297 5775 2405 5834 13-5,
2428 5775 2477 5824 (1.
2499 5789 2525 5840 ί
2548 5780 2600 5823 et
2617 5769 2835 5821 Confess.
2861 5776 2984 5833 part.
3004 5768 3054 5832 9,
3078 5782 3130 5819 ιι.
3150 5767 3229 5820 10.

1821 5793 1852 5828 a
1898 5778 2139 5836 Alcuinus,
2165 5791 2274 5840 pag.
2297 5778 2405 5834 135,
2428 5778 2477 5824 (1.
2499 5789 2512 5801 ·

1821 5839 1850 5890 b
1894 5841 2092 5888 Joannis
2112 5841 2337 5888 Fiscamn.
2383 5850 2477 5886 iars

1824 5914 1852 5950 c
1899 5899 2145 5958 Alcuinus,
2167 5913 2276 5961 pag.
2300 5853 2411 5957 29%,
2437 5900 2484 5946 b.
2508 5911 2522 5957 ;

1864 5964 1883 6022 )
1910 5961 2155 6021 Attgustin.
2181 5959 2265 6008 lib.
2293 5959 2354 6008 t3
2371 5957 2545 6008 confes

1899 5899 2145 5958 Alcuinus,
2167 5913 2276 5961 pag.
2300 5895 2411 5961 293,
2437 5900 2490 5961 ι).
2508 5911 2522 5957 ;
2549 5895 2655 5954 158,
2677 5895 2727 5945 (1.

1864 5957 1883 6024 )
1910 5957 2265 6021 Αιιειιειίῑι.’1ἰ5.
2293 5959 2354 6008 t3
2371 5957 2607 6018 confess,
2627 5971 2765 6022 capp.
2783 5957 2831 6020 8,
2856 5959 2904 6021 5,
2923 5958 2974 6009 9.

1824 5914 1852 5950 6
