3834 6276
2105 204 2165 215 ..-
2178 189 2309 216 “malui.
2316 189 2323 194 "

522 271 626 331 919

519 392 790 468 orationes
816 403 994 468 vestro
1021 407 1206 454 sancto
1229 404 1500 468 consortio
1527 396 1911 468 c0njungamur
1943 413 1955 449 :
1984 394 2108 468 quia

517 461 674 540 aliter
699 465 830 520 salvi
853 481 973 540 esse
1010 484 1116 524 non
1145 484 1447 540 possumus.
1476 461 1670 540 Sumus
1697 461 2108 540 namquevalde

516 532 730 604 fragiles
781 546 836 592 et
881 539 1079 595 nullius
1126 532 1339 596 virtutis
1392 539 1775 595 homunciones
1805 532 2106 592 :‘animalia

516 606 720 682 ventris
749 617 802 662 et
823 611 1001 682 carnis
1021 613 1304 682 mancipia,
1339 611 1392 665 in
1412 611 1606 681 quibus
1629 610 1716 682 vix
1746 607 1958 682 aliquod
1987 623 2110 677 pro-

514 673 697 752 bitatis
728 681 1008 750 vestigium
1037 673 1372 752 appar-etaEt
1394 673 1570 736 tamen
1615 680 1713 735 sub
1750 673 1947 752 Christi
1975 673 2107 732 con-

516 744 748 823 fessione
772 744 971 820 positi,
1008 744 1147 823 ligno
1171 754 1344 808 crucis
1382 751 1632 815 ferimur,
1661 751 1968 823 navigantes
2012 763 2107 819 per

517 814 624 871 hoc
647 814 794 874 mare
824 814 1073 893 maguum
1096 834 1148 878 et
1178 824 1469 894 spatiosum
1494 823 1581 877 ubi
1602 831 1728 894 sunt
1751 814 1958 894 réptilia
1983 814 2109 890 quo-

516 901 635 942 rum
666 905 772 962 non
787 901 887 962 uest
910 892 1191 958 numerus,
1211 892 1317 948 ’ubi
1348 903 1469 948 sunt
1494 893 1740 948 animalia
1769 892 1958 962 pusilla
1982 907 2105 946 cum

519 961 724 1030 magnis
752 960 1030 1036 (Psal._cv,
1059 965 1172 1036 25),
1197 966 1284 1036 ubi
1312 973 1393 1020 est
1411 964 1574 1019 draco
1593 960 1936 1036 srevissimus,
1964 977 2106 1036 sem-

516 1033 852 1105 perparatus
879 1034 945 1088 ad
966 1033 1328 1105 devorandum
1353 1076 1366 1099 ,
1400 1036 1487 1090 ubi
1512 1044 1635 1090 sunt
1661 1036 1776 1090 loca
1809 1033 2104 1105 periculosa

517 1098 690 1174 Scylla
719 1111 771 1157 et
797 1103 1075 1162 Charibdis
1097 1149 1112 1172 ,
1145 1098 1197 1162 et
1223 1107 1325 1162 alia
1353 1098 1757 1161 innumerabilia
1782 1098 1878 1171 ,'in
1911 1104 2103 1174 quibus

517 1171 893 1243 naufragantur
922 1171 1150 1244 incauti,
1188 1189 1242 1233 et
1280 1179 1333 1232 in
1365 1178 1468 1233 ﬁde
1497 1178 1660 1232 dubii.
1692 1176 1852 1232 Orate
1894 1171 2059 1230 Deum
2084 1217 2098 1241 ,

514 1252 662 1318 orate
692 1245 950 1318 piissimi,
998 1261 1180 1316 orate,
1211 1249 1386 1304 omnia
1439 1249 1647 1318 agmina
1696 1255 2000 1302 sanctorum
2036 1256 2104 1318 et

515 1312 751 1388 universi
777 1312 948 1373 cintus
977 1312 1276 1385 beatorum,
1302 1328 1358 1374 ut
1383 1312 1574 1376 vesiris
1604 1320 1852 1388 precibus
1873 1317 2105 1372 meritis-

513 1397 632 1460 que.
655 1384 850 1455 adjuti,
886 1390 960 1459 (a)
990 1393 1134 1446 salva
1181 1384 1314 1445 nave
1343 1399 1395 1446 et
1423 1384 1641 1460 integris
1683 1391 1951 1445 mercibus
1981 1403 2102 1460 per-

513 1453 696 1510 venire
724 1453 1027 1533 mereamur
1052 1461 1116 1516 ad
1148 1471 1360 1533 portum
1392 1453 1662 1533 perpétum
1688 1460 1899 1529 quietis,
1925 1453 2100 1515 conti-

513 1529 1198 1602 ηυῖέρέὶρρξηςξᾼηυιιαιιθιη
1227 1529 1469 1588 ﬁnienda:
1492 1529 1813 1586 securitatis.

583 1594 810 1654 CAPUT
831 1599 996 1658 XXV.
1050 1594 1171 1658 Caeli
1221 1604 1404 1658 ardens
1455 1603 1775 1657 desiderium.
1815 1602 1940 1657 Caeli
1984 1603 2099 1672 glo-

511 1666 590 1740 ria
633 1678 680 1740 et
717 1672 922 1739 gaudia.
967 1674 1134 1729 Mater
1161 1675 1457 1731 Jerusalem
1479 1715 1494 1740 ,
1524 1674 1710 1728 civitas
1752 1685 1934 1727 sancta
1964 1666 2096 1740 Dei,

512 1735 827 1818 charissima
860 1758 1056 1814 sponsa
1081 1745 1279 1818 Christi
1299 1755 1391 1818 ,ute
1410 1735 1564 1818 amat
1595 1759 1688 1800 cor
1729 1761 1905 1799 meum
1927 1786 1961 1818 ,_
1985 1735 2101 1813 pul-

512 1807 870 1882 chritudinem
890 1807 1038 1871 tuam
1061 1817 1283 1872 nimium
1301 1807 1575 1871 desiderat
1601 1831 1751 1870 mens
1771 1831 1907 1871 mea.
1929 1807 2099 1882 Quam

513 1877 703 1958 decora
724 1924 740 1949 ,
772 1901 930 1953 quam
970 1888 1199 1957 gloriosa
1219 1931 1234 1954 ,
1264 1903 1422 1958 quam
1451 1901 1713 1958 generosa
1751 1895 1808 1940 tu
1850 1877 2100 1958 esi-Tota

511 1951 729 2016 pulchra
761 1951 853 2020 es,
902 1968 953 2011 et
973 1951 1188 2013 'macula
1224 1951 1332 2013 (non
1372 1951 1538 2012 est'in
1573 1967 1642 2011 te.
1678 1957 1894 2011 Exsulta
1923 1965 1978 2011 et
2003 1957 2100 2011 lae-

513 2028 648 2101 tare,
680 2023 907 2081 formosa
938 2029 1188 2098 principis
1213 2029 1322 2101 ﬁlia
1342 2071 1356 2094 ,
1385 2029 1507 2098 quia
1537 2028 1839 2101 concupivit
1859 2043 1954 2101 rex
1978 2042 2100 2097 spe-

510 2097 815 2168 ciem‘tuam
837 2139 851 2161 ,
890 2107 943 2151 et
975 2097 1172 2154 amavit
1193 2097 1440 2156 decorem
1463 2107 1610 2153 tuum
1631 2100 1902 2168 Speciosus
1927 2097 2098 2153 forma

511 2175 622 2284 Prae
644 2163 762 2219 ﬁliis
788 2164 1084 2224 hominum.
1110 2171 1214 2226 Sed
1239 2171 1408 2240 qualis
1427 2178 1507 2224 est
1535 2163 1760 2225 dilectus
1783 2177 1903 2224 tuus
1923 2185 1990 2224 ex
2019 2169 2099 2224 di-

530 2241 650 2284 ecto
669 2276 683 2284 .
721 2251 752 2284 0
784 2239 1133 2284 nulnhnrrimn
1151 2242 1174 2284 ν
1205 2243 1438 2284 nilpnme
1467 2251 1587 2284 ιιιιις
1613 2241 1630 2272 ί
1653 2240 1910 2284 mandian
1937 2252 1987 2284 nt
2018 2256 2099 2284 rn.

530 2241 650 2306 ecto
669 2276 699 2306 ,Α
721 2251 752 2290 ο
783 2239 1174 2306 pulcherrima?
1205 2239 1438 2296 Dilectus
1467 2251 1587 2296 tuus
1613 2241 1630 2272 ¹
1653 2240 1910 2295 candidus
1937 2252 1988 2295 et
2018 2256 2099 2294 ru-

509 2302 796 2384 bicundus,
818 2309 1021 2384 electus
1048 2328 1112 2367 ex
1139 2313 1375 2367 millibus
1405 2311 1575 2384 (cant.
1607 2328 1676 2377 v,
1702 2309 1737 2365 9
1761 2354 1775 2378 ,
1809 2312 1920 2384 10).
1951 2311 2101 2384 Sicut

513 2375 848 2452 malusiuter
875 2381 1014 2452 ligna
1037 2384 1300 2452 sylvarum
1318 2426 1332 2450 ,
1365 2375 1442 2438 sic
1461 2375 1686 2439 dilectus
1714 2375 1837 2438 tuus
1865 2375 2002 2437 inter
2031 2381 2096 2436 ﬁ-

513 2400 684 2430 mauus
709 2400 848 2434 mter
875 2400 1014 2452 ugna
1037 2400 1062 2437 s
1102 2400 1300 2438 Ivarum
1318 2426 1332 2450 ,
1365 2400 1442 2438 διο
1461 2400 1686 2439 euectus
1714 2400 1837 2438 tuus
1865 2400 2002 2437 inter
2031 2400 2096 2436 u-

510 2443 632 2524 lio_s.
669 2447 778 2504 Sub
821 2453 1005 2524 umbra
1046 2400 1188 2509 illius
1227 2470 1383 2524 quem
1422 2453 1752 2520 desideravi,
1782 2468 1912 2524 ecce
1942 2453 2097 2509 laetus

509 2515 672 2598 sedeo
703 2538 716 2574 :
743 2529 796 2575 et
820 2520 1022 2598 fructus
1047 2525 1167 2598 ejus
1200 2515 1370 2580 dulcis
1395 2525 1590 2598 gutturi
1617 2515 1748 2580 meo
1769 2523 1881 2598 (Id.
1910 2540 1976 2588 ιι,
2010 2524 2090 2594 5).

509 2585 744 2664 Dilectus
776 2601 895 2647 tuus
939 2585 1324 2650 misit'manum
1367 2585 1463 2664 per
1503 2596 1740 2650 foramen
1755 2585 1788 2661 ,’
1815 2603 1869 2650 et
1910 2585 2097 2650 venter

509 2672 661 2714 meus
686 2661 1186 2739 intremuitatactu
1207 2667 1322 2737 ejus
1348 2661 1458 2739 (Id.
1484 2684 1535 2734 v,
1563 2666 1643 2739 4).
1668 2667 1726 2722 lu
1757 2667 1949 2722 lectulo
1974 2679 2097 2739 meo

507 2738 1090 2812 per.noctem_quzesivi_
1119 2738 1370 2793 dilectum
1393 2738 1871 2812 tuumf,_quazsivi
1890 2780 1905 2805 ,
1933 2745 1988 2792 et
2017 2738 2097 2812 in-

507 2804 627 2854 veni
646 2816 769 2880 eum
801 2804 912 2880 (Id.
944 2823 1020 2874 ιιι,
1047 2809 1098 2880 1)
1133 2827 1147 2862 :
1178 2819 1332 2880 teneo
1355 2851 1370 2876 ,
1394 2824 1493 2864 nec
1521 2804 1782 2863 dimittam
1810 2804 1930 2864 eum
1957 2807 2096 2880 ,do-

507 2883 606 2925 nec
645 2874 943 2946 introducat
968 2895 1052 2934 me
1080 2874 1134 2933 in
1163 2874 1378 2933 domum
1412 2887 1584 2946 tuam,
1614 2889 1668 2935 et
1696 2881 1748 2934 in
1791 2879 2095 2934 cubiculum

508 2948 656 3023 tuum
686 2943 726 3023 ’_.
794 2947 1020 3023 gloriosa
1055 2951 1283 3023 genitrix
1312 2965 1456 3023 mea:
1481 2943 1579 3023 lbi'
1599 2951 1741 3023 enim
1767 2949 1919 3023 dabis
1964 2949 2095 3004 mihi

507 3010 820 3094 dulcissima
840 3019 1000 3074 ubera
1024 3010 1111 3094 tua
1135 3021 1245 3090 (Id.
1279 3036 1371 3094 vn,
1400 3021 1488 3092 12)
1510 3021 1865 3094 abundantius
1893 3030 1947 3076 et
1967 3035 2094 3090 per-

508 3082 728 3166 fectius,
755 3096 810 3142 et
847 3091 1111 3166 saturabis
1141 3082 1226 3166 me
1255 3082 1499 3148 satietate
1526 3092 1781 3166 miriﬁca,
1814 3093 1886 3166 ita
1916 3082 2095 3146 ut'nec

504 3162 767 3225 esuriam,
797 3175 970 3231 neque
990 3162 1164 3217 sitiam
1195 3165 1246 3217 in
1269 3173 1545 3218 aeternum.
1575 3163 1724 3218 Felix
1745 3164 1922 3218 anima
1951 3178 2091 3229 mea,

505 3231 894 3305 semperqueiu
923 3235 1118 3305 saecula
1141 3235 1284 3302 felix,
1317 3236 1360 3290 si
1387 3235 1578 3290 intueri
1601 3249 1846 3290 meruero
1868 3235 2094 3305 gloriam

505 3304 673 3361 tuam,
703 3299 1081 3360 beatitudinem
1109 3299 1279 3372 tuam,
1305 3305 1750 3375 pulchritudinem
1782 3299 1946 3371 tuam,
1979 3320 2096 3375 por-

506 3375 589 3421 tas
619 3376 674 3423 et
697 3383 1048 3444 murosrtuos,
1083 3377 1283 3444 plateas
1305 3386 1442 3442 tuas,
1474 3377 1780 3431 mansiones
1808 3385 1924 3430 tuas
1951 3376 2094 3430 mul-

506 3444 590 3492 tas
613 3479 626 3501 ,
662 3440 1019 3516 nubilissimos
1045 3440 1190 3501 cives
1220 3455 1342 3500 tuos
1365 3488 1381 3513 ,
1420 3440 1474 3502 et
1518 3446 1865 3502 fortissimum
1912 3461 2094 3516 regem

506 3516 657 3563 tuum
689 3509 971 3567 Dominum
999 3525 1240 3570 nostrum
1271 3518 1322 3570 in
1362 3509 1556 3572 decore
1582 3531 1699 3571 suo.

576 3579 715 3634 Muri
742 3597 971 3656 namque
997 3587 1068 3639 tui
1093 3602 1159 3641 ex
1196 3586 1457 3655 lapidibus
1485 3586 1766 3656 pretiosis,
1794 3593 1962 3655 porta;
1990 3595 2096 3642 ture

505 3665 571 3727 ex
594 3653 892 3727 margaritis
921 3657 1155 3727 optimis,
1190 3653 1376 3724 plateae
1404 3653 1505 3712 tum
1531 3674 1597 3713 ex
1617 3671 1751 3712 auro
1771 3653 2060 3727 purissimo
2077 3700 2092 3722 .

504 3721 561 3792 in
591 3721 1087 3792 quibusjucundum
1109 3721 1320 3782 alleluia
1345 3728 1463 3783 sine
1490 3721 1883 3783 intermissione
1908 3721 2096 3785 conci;

506 3791 667 3870 nitur.
705 3791 1004 3870 Mansiones
1043 3807 1145 3851 tuae
1191 3799 1371 3854 multa:
1412 3799 1628 3870 quadris
1677 3798 1938 3870 lapidibus
1979 3797 2097 3855 fun-

503 3863 673 3940 datm,
707 3865 986 3938 sapphyris
1007 3877 1344 3933 constructae,
1369 3863 1634 3926 laterculis
1663 3863 1839 3925 aureis
1875 3885 2098 3940 coorner-

507 3937 680 4012 tte;_in
704 3953 838 4012 quas
865 3937 1038 4012 nullus
1059 3941 1354 4012 ingreditur
1380 3942 1707 4008 immundus,
1737 3941 1914 3996 nullus
1945 3937 2096 3997 habi-

502 4016 581 4081 tat
609 4008 931 4079 inquinatus.
961 4008 1213 4081 Speciosa
1255 4011 1393 4068 facta
1435 4027 1494 4068 es
1515 4022 1568 4069 et
1592 4013 1769 4068 suavis
1804 4014 1856 4066 in
1888 4012 2096 4069 deliciis

503 4080 628 4146 tuis,
653 4089 825 4155 mater
847 4080 1163 4155 Jerusalem.
1190 4083 1331 4138 Nihil
1357 4085 1409 4138 in
1437 4094 1490 4138 te
1510 4085 1634 4149 tale,
1664 4084 1820 4155 quale
1844 4083 1930 4155 hic
1960 4086 2097 4153 pati-

500 4165 653 4216 mur,
686 4152 864 4222 qualia
905 4154 960 4209 in
998 4153 1097 4209 hac
1126 4155 1320 4209 misera
1357 4155 1465 4209 vita
1507 4152 1795 4210 cernimus.
1823 4154 1942 4209 Non
1967 4152 2096 4211 Sunt

503 4222 736 4276 tenebrae
772 4224 824 4277 in
854 4233 956 4296 te,
1001 4240 1173 4296 neque
1214 4241 1354 4293 nox,
1402 4237 1492 4280 aut
1517 4227 1769 4296 qumlibet
1811 4225 2095 4282 diversitas

503 4301 825 4367 temporum.
853 4295 967 4367 Non
995 4295 1136 4352 lucet
1160 4297 1212 4350 in
1242 4305 1292 4351 te
1315 4297 1662 4367 luxlucernm
1682 4338 1697 4362 ,
1726 4305 1817 4350 aut
1841 4297 2096 4367 splendor

503 4362 664 4434 lunae,
698 4365 780 4418 vel
806 4365 964 4434 jubar
990 4367 1262 4421 stellarum
1289 4385 1304 4430 ;
1333 4365 1427 4422 sed
1450 4367 1590 4422 Deus
1614 4366 1682 4422 de
1720 4367 1833 4422 Deo
1853 4362 1887 4434 ,’
1911 4368 2000 4422 lux
2027 4368 2094 4424 (le

499 4432 637 4506 luce,
668 4435 744 4490 sol
763 4432 982 4505 justitiaa
1003 4451 1218 4506 semper
1243 4437 1507 4492 illuminat
1533 4447 1584 4492 te
1601 4453 1615 4502 ;
1632 4441 1813 4506 Agnus
1835 4432 2094 4493 candidus

498 4513 552 4558 et
572 4505 941 4578 immaculatus
960 4549 978 4575 ,
1005 4505 1211 4563 lucidus
1245 4517 1302 4564 et
1346 4505 1736 4578 pulcherrimus
1756 4550 1771 4573 ,
1801 4517 1882 4562 est
1911 4509 2094 4564 lumen

498 4582 647 4646 tuum
686 4576 726 4628 ⁸.
760 4576 850 4633 Sol
882 4587 1003 4634 tuus
1021 4621 1035 4642 ,
1064 4579 1280 4634 claritas
1306 4576 1394 4634 tua
1419 4588 1472 4634 et
1498 4593 1656 4634 omne
1680 4579 1878 4633 bonum
1905 4588 2054 4634 tuum
2074 4621 2090 4646 ,

500 4644 687 4721 hujus_
705 4650 1048 4717 pulcherrimi
1099 4650 1264 4721 Regis
1323 4648 1632 4706 indeﬁciens
1689 4644 2089 4721 contemplatio.

497 4713 618 4792 Ipse
656 4713 769 4792 Rex
808 4737 993 4792 regum
1025 4722 1076 4776 in
1115 4713 1294 4777 mEdio
1332 4721 1440 4787 tui,
1482 4730 1537 4776 et
1570 4720 1722 4791 pueri
1748 4719 1864 4789 ejus
1891 4713 1943 4775 in
1983 4723 2091 4776 cir-

498 4786 644 4864 cuitu
670 4789 785 4856 ejus
811 4786 906 4864 (b)'.
930 4791 1005 4847 lbi
1035 4786 1679 4864 hymuidicihAngelorum
1704 4786 1883 4864 ebori,
1909 4793 1979 4847 ibi
2005 4807 2094 4847 so-

497 4857 664 4929 cietas
689 4857 1038 4929 supernorum
1069 4857 1289 4919 civium.
1321 4861 1396 4918 Ibi
1434 4857 1605 4918 dulcis
1635 4863 1946 4919 solemnilas
1976 4880 2093 4918 om-

497 4928 892 5006 niumab’hac
917 4934 1054 5006 tristi
1096 4937 1521 5006 peregrinatione
1547 4935 1615 4991 ad
1647 4944 1733 4990 tua
1763 4935 1951 5005 gaudia
2000 4951 2088 4990 re-

493 4999 790 5076 deuntium.
819 5003 895 5057 lbi
930 4999 1318 5076 Prophetarum
1349 5007 1601 5076 providus
1627 4999 1824 5062 chorus
1847 5048 1862 5073 ,
1891 5006 1960 5060 ibi
2001 5007 2090 5076 ju-

491 5071 596 5128 dex
651 5071 674 5104 '
723 5071 1101 5142 Apostolorum
1152 5071 1440 5142 numerus,
1500 5079 1572 5132 ibi
1618 5071 2089 5133 innumerabilium

555 5165 575 5239 ξ
599 5170 674 5239 _F.r.
693 5164 975 5239 [.ugd:Ve_u.
999 5171 1110 5239 Lov_.
1133 5166 1214 5216 hic
1237 5174 1289 5218 et
1308 5167 1452 5239 paqu
1465 5175 1598 5239 post,
1624 5167 2007 5239 Dilectuameus:
2029 5176 2086 5219 Μ.

554 5229 576 5260 9
599 5233 674 5277 Er.
714 5227 863 5293 Lugd.
916 5235 1036 5278 Ven.
1087 5233 1196 5278 ιον.
1215 5264 1232 5288 ,
1275 5227 1489 5293 ᾳὶαεδὶυῐ
1523 5227 1665 5293 quem
1713 5231 1874 5296 diligit
1925 5231 2089 5282 anima

487 5299 848 5442 mania-iuga.
866 5360 986 5404 ven.
1011 5357 1144 5415 Lov.,
1165 5351 1219 5404 in
1249 5350 1448 5403 domum
1473 5365 1612 5442 suum
1644 5359 1690 5405 et
1725 5353 1777 5404 in
1813 5355 2088 5409 cubiculum

487 5427 672 5544 “tua.
698 5424 847 5544 διέθει.
872 5484 993 5528 Ven.
1019 5484 1130 5544 [ιον.
1155 5479 1228 5544 sic
1265 5475 1504 5544 exhibent
1525 5477 1656 5544 hunc
1686 5476 1846 5544 locum
1878 5493 1889 5528 :
1927 5490 2087 5544 Agnus

488 5537 728 5590 candidus
747 5537 795 5592 εἱ
809 5537 1166 5605 inmaculatus,
1189 5539 1408 5592 lucidum
1427 5544 1475 5591 et
1497 5537 1876 5605 pulcherrinmm
1907 5537 1985 5592 est"
2009 5541 2085 5592 tu-

486 5611 598 5651 men
617 5609 769 5652 tuum.
847 5609 906 5652 Μ.

548 5662 570 5728 ῗ
594 5661 738 5728 ᾼιίεβι
756 5665 1004 5728 imm
1014 5665 1196 5728 ,ἰιιάεπο

551 5722 626 5793 (ᾳ)
658 5725 883 5793 vid.__lib._
897 5728 964 5777 de
980 5722 1184 5793 speculo
1207 5729 1448 5793 caput'50.
1496 5763 1504 5771 -

553 5783 626 5846 (b)
659 5791 723 5835 Ita
745 5786 828 5836 lib.
853 5787 918 5838 de
939 5783 1158 5852 Speculo,
1181 5783 1288 5855 cap'.
1308 5791 1387 5854 30,
1412 5799 1520 5855 post
1541 5791 1837 5856 Gregorium.

1983 270 2344 330 APPENDIX.
2749 239 2754 242 ’
2808 337 2814 344 _
3632 285 3709 344 κο

2215 399 2510 464 martyrum
2536 391 2708 448 victor
2734 391 3001 464 exercitus
3019 434 3033 457 ,
3065 392 3135 448 ibi
3172 403 3461 453 sanctorum
3485 399 3708 461 Confessi).

2215 478 2330 517 rum
2353 462 2503 518 sacer
2529 472 2846 542 conventus,
2880 462 2965 542 ibi
2977 463 3089 519 veri
3114 473 3166 520 et
3183 465 3393 542 perfecti
3416 472 3641 542 monachi,
3662 479 3709 535 ibi
3787 484 3792 540 ,i

2214 543 2412 606 sancta:
2437 535 2705 606 mulieres,
2731 550 2850 606 qua:
2879 534 3377 606 voluptates’saaculi
3413 548 3462 596 et
3482 534 3640 600 sexum
3655 534 3710 603 in.

2216 603 2778 682 ﬁrmitatisvicerunt‘;
2823 605 2913 682 ibi
2937 603 3086 675 pueri
3113 609 3425 682 et‘puellze,
3449 627 3553 682 qua:
3591 631 3711 676 annos

2212 689 2339 730 suos
2364 676 2602 732 moribus
2630 676 3094 732 transcenderunt.
3127 676 3347 735 lbi—sunt
3367 676 3536 739 omnes
3559 699 3656 743 oves
3675 701 3710 747 et
3785 676 3790 747 ἶ

2215 747 2357 831 agni,
2387 748 2475 831 qui
2492 747 2602 816 jam
2631 747 2788 831 hujus
2809 747 3092 830 voluptatis
3121 749 3331 831 laqueos
3350 759 3708 831 evuserunt._E;.

2211 818 2409 898 sultant
2436 833 2625 874 omnes
2659 818 2710 898 iu
2746 819 2985 898 propriis.
3002 818 3380 898 mansionibus.
3409 824 3572 898 Dispar
3594 829 3710 898 gloria
3783 821 3791 872 ῗ

2211 888 2536 958 singulorum
2561 932 2577 956 ,
2600 889 2694 945 sed
2717 889 3017 946 communis
3037 899 3120 946 est
3142 890 3318 946 laetitia
3346 888 3578 952 omnium.
3595 888 3709 957 l’lem

2211 968 2265 1032 et
2292 958 2524 1032 perfecta
2561 961 2632 1032 ibi
2660 968 2845 1032 regnat
2867 961 3134 1032 charitas;
3176 962 3299 1032 quia
3344 963 3474 1019 Deus
3499 977 3569 1021 est
3589 975 3709 1027 omnia

2212 1029 2264 1082 in
2301 1031 2549 1086 omnibus
2575 1031 2624 1108 (l_
2650 1029 2769 1108 Cor.
2799 1047 2901 1108 xv,
2928 1031 3020 1108 38)
3043 1075 3058 1100 ,
3090 1029 3247 1108 quem
3295 1034 3407 1089 sine
3432 1034 3527 1090 ﬁne
3557 1039 3708 1108 vident,

2210 1107 2264 1172 et
2304 1115 2516 1172 semper
2541 1101 2769 1157 videndo
2798 1104 2849 1156 in
2895 1101 3012 1172 ejus
3051 1101 3241 1159 ardent
3267 1118 3464 1160 amore.
3502 1109 3652 1165 Amant
3673 1101 3708 1168 ei

2211 1170 2427 1248 laudant
2450 1215 2465 1238 ,
2497 1173 2716 1248 laudant
2741 1183 2795 1228 et
2822 1170 3022 1248 amant.
3045 1173 3223 1248 AOmne
3244 1189 3378 1246 opus
3418 1191 3614 1248 eorum,
3633 1183 3702 1238 laus

2210 1241 2333 1303 Dei,
2357 1243 2475 1297 sine
2499 1243 2796 1299 defectione
2812 1287 2826 1311 ,
2850 1245 2965 1299 sine
2993 1244 3192 1301 labore.

2281 1312 2423 1390 Felix
2454 1329 2555 1385 ego
2574 1357 2601 1390 ,_
2614 1324 2676 1390 et_
2693 1329 2819 1370 vere
2862 1317 2914 1369 in
2938 1325 3282 1390 perpetuum
3295 1315 3446 1385 felix,
3471 1319 3511 1373 si
3536 1331 3630 1390 post
3653 1339 3709 1378 re-

2213 1385 2532 1456 solutionem
2587 1385 2746 1456 hujus
2808 1385 3108 1455 corpusculi
3164 1388 3351 1443 audire
3404 1385 3618 1445 meruero
3655 1393 3712 1449 illa

2208 1455 2412 1528 uautica
2438 1455 2672 1528 caelestis
2710 1457 2954 1512 melodis:
2984 1499 2996 1520 ,
3022 1473 3143 1528 qua;
3165 1468 3444 1514 cantantur
3483 1461 3540 1516 ad
3565 1463 3712 1520 laudem
3785 1501 3788 1504 ~

2211 1524 2372 1595 Regis
2400 1528 2584 1600 aeterni
2604 1527 2679 1600 ab
2720 1527 2822 1581 illis
2852 1524 3098 1600 superna“:
3124 1531 3310 1600 patrize
3333 1530 3522 1586 civibus
3544 1573 3558 1599 ,
3586 1533 3713 1589 beato.
3785 1591 3788 1596 _

2209 1611 2434 1674 rumque
2488 1598 3140 1674 spirituumagminibusl
3204 1601 3512 1657 Fortunatus
3547 1598 3626 1674 ego
3662 1606 3715 1659 ni-

2208 1667 2480 1742 miumque
2508 1667 2692 1742 beatus
2712 1711 2726 1734 ,
2758 1670 2802 1724 si
2826 1667 2891 1742 et
2908 1685 3008 1739 ego
3032 1669 3149 1740 ipse
3171 1687 3418 1727 meruero
3444 1667 3626 1730 canta're
3646 1691 3712 1742 ea,
3781 1713 3787 1734 ;

2207 1745 2261 1791 et
2288 1739 2538 1794 assistere
2563 1741 2671 1809 regi
2701 1755 2839 1806 meo,
2867 1741 2975 1795 Deo
2990 1757 3130 1806 meo,
3153 1742 3275 1797 duci
3303 1757 3421 1798 meo
3437 1745 3472 1808 ί,
3493 1753 3540 1799 et
3556 1739 3716 1802 cernere
3781 1775 3784 1802 ;

2208 1823 2328 1862 eum
2375 1825 2427 1864 ιιι
2459 1823 2638 1934 gloria
2671 1826 2766 1866 sua
2791 1853 2807 1878 ,
2834 1823 2969 1868 stcut
3014 1823 3130 1884 ipse
3175 1823 3413 1883 polliceri
3437 1823 3638 1887 dignatus
3662 1828 3713 1872 est

2207 1877 2388 1952 dicens
2415 1921 2429 1945 ,
2505 1891 2613 1934 ater
2641 1924 2655 1947 ,
2684 1883 2796 1937 volo
2824 1892 2880 1936 ut
2905 1899 3029 1952 quos
3054 1883 3237 1938 dedisti
3265 1885 3424 1951 mihi,
3455 1887 3543 1940 sint
3559 1904 3713 1951 nierum;

2205 1960 2260 2002 ut
2287 1951 2488 2025 videant
2528 1953 2808 2025 claritatem
3051 1971 3206 2025 quam
3235 1954 3389 2009 habui
3431 1958 3555 2025 apud
3584 1967 3620 2011 te
3639 1970 3716 2013 ante

2205 2023 2607 2097 coustitutionem
2638 2024 2815 2077 mundi
2848 2024 2866 2094 (
2894 2023 3212 2092 Ιοαηζιγιι,
3245 2025 3316 2081 24
3347 2028 3385 2097 );
3412 2023 3470 2081 et
3485 2028 3589 2082 alibi
3613 2071 3625 2093 ,
3647 2029 3714 2093 Qui
3794 2093 3795 2096 η

2205 2093 2330 2168 mihi
2351 2094 2623 2159 ministrat,
2650 2111 2730 2168 me
2747 2093 2992 2168 sequatur
3011 2137 3026 2162 ,
3052 2105 3098 2151 et
3121 2097 3207 2151 ubi
3226 2093 3576 2168 sum’ego,'illic
3595 2110 3628 2151 et
3648 2103 3712 2151 mi~

2205 2163 2360 2239 uiliter
2383 2168 2637 2239 meus_eril
2663 2164 2776 2235 (Id.
2795 2163 2888 2233 ιιιι,
2908 2165 3107 2239 26);Αθι
3135 2168 3353 2233 iterum,
3385 2163 3481 2234 Qui
3498 2169 3624 2239 diligit
3644 2188 3709 2234 me,

2506 1810 2638 1864 loria
2671 1826 2766 1887 sua
2791 1853 2807 1878 ,
2834 1812 2969 1868 sicut
3014 1813 3413 1887 ipsehpolliceri
3437 1814 3638 1887 dignatus
3662 1828 3716 1872 est
3781 1817 3784 1820 ’

2205 2233 2440 2304 diligetur
2455 2253 2486 2288 a
2506 2235 2659 2291 Patre
2674 2233 2805 2301 meo,
2830 2247 2876 2291 et
2896 2254 2923 2290 e
2957 2233 2989 2290 ό
3008 2237 3223 2309 diligam
3243 2255 3378 2307 eum,
3402 2233 3446 2293 et
3466 2233 3714 2309 manilettabo

2205 2305 2250 2358 ei
2275 2322 2355 2358 me
2381 2307 2551 2369 ipsum
2583 2305 2692 2376 (Id.
2724 2324 2828 2372 xw,
2860 2253 2973 2376 21%.

2205 2305 2250 2358 ei
2275 2322 2355 2358 me
2381 2307 2551 2369 ipsum
2583 2305 2692 2376 (Id.
2724 2324 2828 2372 xw,
2860 2307 2922 2361 21

2273 2417 2498 2476 CAPUT
2537 2419 2727 2475 XXVI.
2755 2419 3045 2491 Rhymmus
3065 2421 3129 2475 de
3145 2422 3316 2493 gloria
3343 2424 3563 2493 paradisi.

2265 2532 2338 2596 (a)
2372 2532 2438 2582 Ad
2460 2535 2695 2595 perennis
2718 2535 2832 2596 vita;
2853 2532 3036 2584 fontem
3058 2547 3203 2585 mens
3225 2537 3376 2586 sitivit
3398 2535 3533 2596 arida,

2201 2592 2413 2660 Cla'uStra
2434 2592 2594 2660 carnis
2615 2603 2790 2660 praesto
2810 2594 2968 2659 frangi
2983 2596 3152 2660 clausa
3176 2599 3354 2660 quaerit
3374 2592 3535 2656 anima,

2201 2609 2413 2644 crauStra
2434 2609 2594 2645 carnis
2647 2609 2790 2645 razsw
2810 2609 2968 2659 Irangi
2989 2609 3152 2646 clausa
3176 2611 3315 2660 quaer

2201 2653 2381 2716 Gliscit,
2404 2658 2569 2716 ambit,
2597 2609 2836 2706 eliuctalur
2859 2657 3002 2706 exsul
3023 2657 3116 2708 frui
3139 2662 3315 2719 patria,

2201 2723 2323 2766 Dum
2341 2721 2582 2783 pressuris
2603 2731 2660 2768 ac
2682 2720 2912 2783 arumnis
2933 2733 2990 2770 se
3013 2720 3173 2783 gemit
3187 2723 3464 2783 Obnoxiam,

2201 2779 2355 2838 Quam
2371 2781 2546 2845 amisit,
2570 2793 2680 2830 cum
2701 2779 2928 2845 deliquit,
2952 2779 3311 2845 contemplatur
3332 2783 3519 2845 gloriam

2202 2847 2420 2891 Praesens
2440 2842 2618 2906 malum
2634 2848 2783 2904 auget
2799 2842 2910 2891 boui
2937 2845 3112 2906 perditi
3127 2842 3424 2894 meritoriam.

2264 2910 2377 2970 [Sam
2394 2905 2506 2970 quis
2529 2912 2730 2970 promat,
2751 2905 2952 2954 summae
2975 2907 3106 2970 pacis
3126 2913 3313 2970 quanta
3334 2908 3395 2956 sit
3417 2905 3588 2956 lzetitia?

2201 2964 2289 3014 Ubi
2312 2964 2433 3029 vivis
2463 2964 2734 3028 nuirgaritis
2753 2973 2960 3029 surgunt
2975 2964 3201 3027 aediﬁcia,

2201 3034 2328 3089 Auro
2349 3026 2481 3077 celsa
2503 3026 2679 3077 micant
2701 3026 2860 3087 tecta,
2869 3028 3055 3077 radiant
3077 3026 3307 3089 triclinia,

2200 3087 2319 3138 Solis
2340 3090 2548 3152 gemmis
2570 3090 2796 3152 pretiosis
2825 3090 2930 3140 haec
2951 3096 3196 3140 structura
3220 3087 3443 3149 nectitur,

2201 3157 2324 3214 Auro
2345 3151 2541 3214 mundo,
2564 3151 2794 3214 tanquam
2813 3153 2937 3214 vitro
2958 3153 3094 3202 urbis
3104 3153 3194 3214 ,via
3212 3154 3453 3203 sternitur.

2203 3211 2350 3262 Abest
2372 3210 2530 3273 limus,
2553 3210 2700 3263 deest
2720 3213 2877 3272 ﬁmus,
2903 3213 3014 3263 lues
3035 3213 3169 3264 nulla
3193 3217 3424 3265 cernitur.

2263 3275 2426 3324 Hiems
2445 3274 2669 3340 horrens,
2694 3282 2838 3325 aestas
2860 3283 3052 3325 torrens
3074 3274 3175 3340 illic
3199 3290 3437 3340 nunquam
3458 3276 3636 3326 saeviunt.

2201 3333 2606 3401 Flospurpureus
2629 3333 2890 3401 {rosarum
2911 3351 3002 3387 ver
3026 3339 3127 3401 agit
3142 3333 3452 3401 perpetuum,

2200 3397 2416 3461 candent
2425 3397 2553 3459 lilio,
2575 3399 2797 3448 rubescit
2814 3412 3000 3458 crocus,
3025 3397 3172 3461 sudat
3188 3397 3464 3461 balsamum,

2202 3459 2370 3524 virent
2400 3465 2550 3524 prata,
2575 3467 2780 3524 vernant
2798 3467 2924 3524 sata,
2947 3463 3040 3510 rivi
3062 3459 3228 3511 mellis
3248 3459 3465 3521 influunt,

2202 3521 2561 3585 Pigmentorum
2581 3523 2740 3585 spirat
2750 3522 2884 3583 odor,
2912 3521 3069 3585 liquor
3096 3530 3148 3573 et
3170 3530 3452 3584 aromatum,

2200 3583 2425 3647 Pe’ndent
2448 3596 2584 3645 poma
2607 3583 2883 3647 ﬂoridorum
2907 3583 3002 3647 non
3026 3583 3222 3647 lapsura
3253 3598 3511 3635 nemorum.

2264 3651 2361 3694 Non
2384 3643 2593 3694 alternat
2612 3643 2723 3693 luna
2745 3646 2896 3705 vices,
2921 3645 3012 3705 sol,
3035 3643 3116 3696 vel
3134 3659 3310 3697 cursus
3331 3648 3560 3697 siderum:

2203 3712 2368 3768 Agnus
2393 3713 2470 3758 est
2492 3705 2645 3756 felicis
2661 3707 2795 3756 urbis
2819 3707 2983 3756 lumen
3005 3709 3328 3758 inoociduum.
3447 3738 3462 3745 ~-

2201 3775 2301 3818 Nox
2320 3776 2372 3818 et
2391 3775 2586 3831 tempus
2604 3768 2783 3818 desunt
2805 3771 2872 3827 ei,
2884 3769 3026 3831 diem
3049 3770 3146 3820 fert
3166 3773 3473 3820 continuum:

2201 3836 2313 3878 Nam
2337 3837 2395 3894 et
2417 3829 2567 3894 sancti
2596 3833 2797 3894 quique,
2817 3830 2952 3881 velut
2974 3831 3045 3880 sol
3070 3831 3347 3894 przeclarus,
3381 3829 3573 3890 rutilant,

2202 3898 2309 3965 Best
2338 3891 2632 3965 triumphum
2665 3891 2878 3965 coronati
2909 3891 3085 3965 mutuo
3099 3891 3409 3965 conjubilant,

2200 3959 2255 4003 Et
2273 3955 2504 4027 (prostrati
2536 3968 2724 4027 pugnas
2741 3955 2896 4027 hostis
2919 3956 3018 4027 jam
3042 3955 3207 4027 summi
3231 3962 3493 4027 numerant.

2261 4016 2397 4077 omni
2422 4015 2793 4077 labe’de’laécati,
2813 4015 2971 4065 carnis
2991 4015 3120 4065 bella
3153 4019 3391 4068 nesciunt.

2199 4083 2316 4126 Caro
2345 4075 2470 4139 facta
2495 4076 2722 4139 spiritalis
2745 4075 2797 4127 et
2828 4091 2969 4127 mens
2985 4092 3134 4127 unum
3156 4081 3390 4128 sentiunt.

2201 4138 2494 4204 Pacemulta
2518 4138 2846 4204 perfrueutes,
2879 4140 3098 4204 scandala
3121 4154 3220 4190 non
3243 4141 3496 4204 perferunt.

2200 4200 2942 4276 eawbiﬁbss‘exuﬁ..rsrewnt
2969 4200 3258 4276 originem
3362 4265 3372 4276 .

2199 4269 2254 4327 Et
2276 4270 2570 4327 pmseutem
2589 4269 2812 4327 veritatis
2832 4269 3222 4327 contemplantur
3243 4269 3481 4327 speciem:

2201 4323 2318 4374 Hinc
2336 4323 2535 4374 vitalem
2555 4324 2651 4374 vivi
2671 4323 2816 4376 fontis
2831 4323 3058 4374 hauriunt
3078 4323 3401 4376 dulcedinem.

2265 4385 2380 4451 Inde
2403 4393 2580 4451 statqu
2599 4399 2795 4451 semper
2821 4387 2968 4451 iidem
2993 4387 3240 4436 existendi
3266 4389 3286 4419 ³
3315 4387 3510 4451 capiunt,

2199 4446 2339 4506 Clari,
2369 4448 2534 4506 vividi,
2554 4446 2770 4508 iucundi.
2796 4447 2941 4497 nullis
2963 4455 3131 4510 patent
3152 4451 3358 4498 casibus.

2200 4510 2383 4560 Absunt
2405 4510 2558 4558 morbi
2583 4521 2781 4572 semper
2801 4511 2947 4566 sanis,
2976 4517 3210 4561 senectus
3227 4510 3488 4572 juvenibus.

2200 4574 2318 4635 Hinc
2335 4584 2556 4635 perenne
2581 4571 2926 4635 tene’ntgessc;
2968 4585 3078 4620 nam
3103 4571 3311 4635 transire
3339 4571 3522 4635 transiit.

2200 4634 2316 4683 Inde
2336 4633 2527 4696 'virent,
2553 4633 2740 4696 vigent,
2759 4633 2962 4692 ﬂorent;
2997 4634 3276 4696 corruptela
3297 4633 3479 4692 corruit,

2201 4693 2574 4758 tmmortalitatis
2589 4693 2728 4758 vigor
2749 4697 2916 4745 mortis
2933 4697 3014 4758 jus
3035 4693 3302 4758 alsorbuit.

2261 4759 2348 4816 Qui
2370 4756 2609 4820 scientem
2631 4749 2801 4806 cuncta
2824 4749 2999 4814 sciunt,
3021 4757 3136 4820 quid
3156 4759 3345 4820 nescire
3371 4758 3595 4817 nequeunt
3617 4749 3647 4796 ⁸.

2198 4826 2311 4868 Nam
2336 4825 2390 4868 et
2410 4819 2623 4888 pectoris
2654 4831 2827 4888 arcana
2851 4817 3114 4888 penetrant
3148 4817 3447 4888 alterutrum,

2198 4888 2350 4930 Unum
2372 4877 2557 4934 volunt,
2577 4893 2726 4929 unum
2751 4877 2936 4938 nolunt,
2972 4882 3132 4930 unitas
3160 4889 3236 4930 est
3259 4880 3494 4929 mentium.

2199 4944 2327 4993 Licet
2348 4943 2526 5004 cuique
2549 4943 2612 4992 sit
2635 4943 2882 5004 diversum
2906 4955 2992 5003 pro
3015 4941 3183 4991 labore
3206 4943 3450 5004 meritum;

2196 5004 2407 5054 Charitas
2423 5003 2526 5053 haec
2547 5017 2687 5052 suum
2709 5003 2838 5066 facit,
2863 5004 2992 5066 quod
3010 5011 3138 5052 amat
3160 5005 3208 5053 in
3224 5003 3438 5066 altero“.

2199 5068 2444 5128 Proprium
2467 5067 2537 5115 sic
2567 5065 2893 5128 singulorum,
2920 5077 3176 5115 commune
3205 5065 3255 5115 ﬁt
3276 5065 3486 5128 omnium.

2261 5124 2344 5178 Ubi
2368 5141 2559 5191 corpus,
2577 5124 2693 5178 illuc
2709 5128 2824 5189 jure
2847 5124 3210 5191 cbngregantur
3226 5124 3407 5190 aquilae.

2261 5275 2276 5305 ⁸
2301 5279 2382 5322 MS.
2407 5276 2556 5332 uota,
2581 5271 2730 5324 dulci.
3378 5333 3384 5335 Α
3511 5334 3518 5335 ,
3563 5331 3570 5335 Α
3597 5324 3605 5335 .

2267 5339 2286 5367 ¹
2311 5342 2361 5385 ιη
2382 5343 2452 5394 Βοτ
2477 5327 2751 5400 Palmm.
2783 5336 3090 5400 correximus
3119 5348 3186 5386 ex
3219 5333 3479 5386 auctoritate
3508 5327 3606 5376 Petri
3633 5327 3694 5368 Da-

2194 5399 2337 5448 miani
2380 5400 2456 5447 cui
2477 5397 2617 5448 hicce
2639 5397 2852 5448 debetur
2874 5397 3098 5461 hymnus.
3147 5405 3204 5446 Μ.

2259 5461 2280 5492 ³
2302 5435 2440 5510 Alias.
2465 5465 2722 5510 exeuntes:
2746 5467 2799 5510 et
2818 5472 2950 5510 mox.
2974 5465 3171 5510 peccant
3192 5456 3290 5510 casi

2259 5467 2280 5492 ³
2302 5467 2440 5518 Alias,
2465 5467 2722 5523 exeuntes;
2746 5467 2799 5510 et
2818 5472 2950 5521 mox,
2974 5467 3171 5523 peccant
3192 5467 3384 5510 casiam.
3573 5511 3581 5518 θ
3640 5508 3647 5514 ,

2256 5523 2278 5553 ³
2301 5522 2433 5586 Apud
2455 5534 2627 5586 omnes
2644 5522 2819 5583 editos,
2843 5529 3051 5586 excepta
3069 5527 3154 5570 GG.
3180 5523 3554 5586 editionegems
3571 5507 3690 5557 Illcld'

2193 5582 2534 5648 terrogationis
2552 5589 2732 5646 puncto
2747 5582 3045 5648 concluditur
3069 5597 3084 5646 ;
3108 5589 3337 5648 corrupte.
3399 5584 3449 5628 at.

2255 5649 2276 5679 ⁸
2301 5644 2439 5706 Alias,
2464 5644 2583 5696 dum
2603 5651 2733 5696 amat
2753 5644 2978 5697 alterum.

2254 5730 2326 5793 (α)
2360 5732 2440 5779 “i6
2462 5729 2664 5793 hymnus
2683 5727 2990 5793 desideratur
3011 5731 3062 5781 in
3077 5737 3182 5782 Mss.
3201 5737 3305 5780 ﬂet.
3323 5735 3368 5778 et
3388 5731 3520 5787 Regio.
3534 5721 3593 5767 ist
3613 5720 3670 5762 Pr

2192 5793 2251 5840 tri
2267 5790 2510 5851 Dauniam,
2539 5799 2652 5841 tom.
2675 5791 2723 5849 4,
2749 5803 2857 5855 pag.
2876 5790 2984 5840 226.
