3838 6398
0 377 85 434 929
1230 371 1432 427 LIBER
1473 369 2017 431 MEDITATIONUM.

0 504 39 549 et
70 488 392 545 omniscium
431 486 699 551 Verbum;
746 481 915 540 dicam
961 485 1173 540 interim
1212 485 1354 556 quod
1402 485 1572 556 valeo,

0 565 146 618 donec
168 559 365 629 jubeas
391 574 478 612 me
505 558 686 612 venire
710 556 783 629 ad
806 564 887 629 te,
900 556 989 611 ubi
1011 557 1209 629 possim
1231 555 1415 613 dicere
1436 555 1578 626 quod

0 645 39 689 te
62 627 237 695 decet,
273 640 327 685 et
354 646 444 685 me
468 636 699 698 Oportet.
744 627 817 681 Et
842 628 958 682 ideo
989 628 1297 698 suppliciter
1323 644 1473 697 rogo,
1508 642 1576 681 ne

0 704 237 771 respicias
268 710 476 756 tantum
514 699 578 754 ad
611 699 661 771 id
688 698 831 769 quod
858 698 1017 771 modo
1047 700 1165 771 dico
1185 742 1199 764 ,
1230 709 1483 770 quantum
1512 698 1578 771 ad

0 776 39 829 id
62 770 199 842 quod
236 772 425 828 dicere
454 781 601 840 opto.
625 770 794 842 Cupio
819 770 962 824 enim
991 770 1263 842 desiderio
1290 786 1482 841 magno
1512 770 1579 825 de

0 856 43 901 te
64 841 238 915 eloqui
272 844 421 915 quod
449 850 737 915 oportetet
759 841 914 896 decet
945 842 1108 915 :‘qu‘ia
1146 852 1197 897 te
1238 841 1394 915 decet
1420 842 1535 896 laus
1558 882 1574 908 ,

0 926 43 973 et
75 912 334 983 hymnus,
368 915 567 983 tibique
587 912 814 967 debetur
840 912 1013 967 omnis
1055 913 1243 967 honor.
1282 913 1398 968 Scis
1427 927 1572 982 ergo,

1 983 324 1043 occultorum
353 986 596 1055 cognitor
624 984 764 1038 Deus
789 1026 805 1050 ,
833 983 991 1055 quod
1016 999 1122 1055 non
1154 984 1323 1039 solum
1353 991 1495 1055 terra
1527 992 1581 1037 et

2 1062 230 1115 omnibus
254 1072 379 1127 qua:
400 1054 455 1111 in
475 1072 536 1111 ea
562 1064 685 1109 sunt
709 1064 765 1108 tu
796 1054 927 1127 mihi
949 1054 1162 1109 charior
1181 1070 1273 1121 es;
1302 1054 1392 1127 sed
1419 1055 1576 1109 etiam

2 1130 100 1199 ipso
124 1126 285 1185 caelo
310 1139 367 1199 et
392 1126 639 1199 omnibus
677 1142 796 1196 quae
823 1126 980 1199 ineo
1010 1134 1135 1199 sunt
1173 1135 1227 1179 tu
1267 1126 1392 1180 mihi
1424 1140 1577 1180 acce-

49 1201 143 1267 ior,
173 1211 231 1273 tq
257 1198 398 1254 mibi
422 1197 704 1253 amabilior
723 1212 783 1253 es
806 1215 819 1251 :
852 1196 1015 1273 diligo
1038 1196 1183 1273 enim
1210 1205 1262 1273 te
1286 1212 1443 1267 supra
1470 1211 1581 1273 cte-

24 1288 99 1326 um
122 1282 172 1326 et
196 1267 399 1326 terram
426 1310 442 1337 ,
472 1279 526 1324 et
551 1278 743 1323 caetera
771 1268 950 1322 omnia
969 1283 1087 1337 quae
1118 1268 1171 1321 in
1198 1268 1277 1323 eis
1304 1278 1446 1334 sunt,
1472 1267 1579 1321 imo

6 1343 91 1397 nisi
121 1344 136 1373 ¹
164 1358 353 1396 amore
394 1340 627 1395 nominis
654 1340 731 1393 tui
767 1354 887 1409 qua;
914 1339 1220 1393 transitoria
1246 1347 1369 1393 sunt
1394 1338 1579 1409 procul

7 1413 151 1470 dubio
175 1413 405 1468 amanda
443 1426 551 1466 non
580 1420 723 1466 sunt.
755 1412 889 1464 Amo
919 1418 991 1476 te,
1019 1410 1157 1464 Deus
1197 1424 1369 1472 meus,
1398 1424 1581 1464 amore

8 1500 212 1555 magno,
238 1484 516 1555 magisque
539 1492 589 1537 te
618 1497 799 1537 amare
838 1482 1015 1550 cupio.
1047 1481 1131 1555 Da
1151 1481 1279 1535 mihi
1321 1488 1378 1535 ut
1405 1496 1579 1555 amem

12 1565 61 1610 te
88 1552 294 1624 semper
315 1552 571 1624 quantum
600 1554 742 1617 volo,
766 1564 1021 1624 quantum
1047 1552 1219 1607 debeo
1244 1571 1255 1605 :
1283 1562 1337 1606 ut
1362 1560 1415 1606 tu
1437 1552 1580 1624 solus

18 1627 87 1680 sis
114 1622 212 1680 tota
233 1622 460 1680 intentio
486 1634 541 1680 et
565 1625 738 1679 omnis
764 1623 1038 1678 meditatio
1076 1638 1229 1689 mea;
1266 1633 1317 1679 te
1356 1622 1582 1678 mediter

12 1712 103 1767 per
120 1697 221 1751 dies
246 1698 371 1751 sine
396 1697 700 1752 cessatione
723 1736 737 1758 ,
772 1704 824 1750 te
854 1695 1079 1749 sentiam
1121 1710 1214 1763 per
1250 1694 1580 1767 soporemin

11 1765 163 1831 nocte,
193 1778 242 1823 te
273 1769 580 1837 alloquatur
603 1767 821 1836 spiritus
850 1781 1002 1837 meus
1026 1806 1040 1829 ,
1073 1778 1242 1819 tecum
1270 1765 1581 1820 confabule-

13 1848 240 1893 turmens
270 1836 419 1901 mea,
444 1839 641 1893 lumine
664 1846 862 1892 sancta:
885 1836 1105 1890 visionis
1125 1838 1145 1867 ²
1168 1847 1271 1890 tua:
1292 1837 1583 1890 illustretur

14 1922 277 1967 eumeum
316 1927 330 1962 :
361 1920 419 1964 ut
447 1920 498 1964 te
524 1918 751 1974 rectore,
782 1918 833 1963 te
852 1905 988 1962 duce
1007 1907 1274 1962 ambulem
1298 1908 1365 1963 de
1390 1909 1583 1961 virtute

20 1978 328 2035 invii-tatem
357 2024 368 2045 ,
398 1982 719 2048 tandemque
747 1978 957 2033 videam
993 1987 1042 2032 te
1075 1979 1241 2033 Deum
1280 1978 1501 2033 deorum
1531 1980 1580 2032 in

20 2052 113 2107 Sion
140 2051 328 2121 (Psal.
368 2068 567 2106 unm
592 2093 608 2118 ,
636 2049 691 2122 8)
718 2093 731 2116 ,
766 2065 908 2104 nunc
931 2048 1146 2122 quidem
1184 2066 1278 2118 per
1306 2049 1583 2122 speculum

16 2132 57 2177 et
78 2125 123 2177 in
148 2119 446 2193 ienigmale
469 2166 485 2189 ,
514 2133 637 2176 tunc
662 2119 839 2176 autem
868 2123 999 2175 I'acie
1025 2120 1099 2193 ad;
1118 2119 1307 2193 faciem
1334 2163 1348 2187 ,
1378 2121 1469 2193 ubi
1492 2136 1585 2193 co-

102 2209 231 2249 scam
262 2190 329 2249 ie
354 2195 494 2249 sicut
535 2202 589 2249 et
631 2194 873 2263 cognitus
899 2207 1016 2245 sum
1045 2191 1063 2258 (
1088 2191 1249 2263 lCor.
1285 2208 1377 2245 xm
1400 2233 1414 2256 ,
1451 2190 1580 2263 l2).

8 2262 136 2334 ἐκειιὶ
175 2265 389 2320 mundo
437 2265 632 2329 corde,
678 2262 926 2334 quoniam
971 2263 1071 2331 ipsi
1117 2262 1281 2316 Deum
1327 2262 1585 2317 videbunt

40 2335 192 2389 lanii.
212 2354 271 2402 v,
297 2337 382 2409 8).
404 2336 549 2409 Beati
572 2335 668 2409 qui
684 2336 922 2409 habitant
944 2334 993 2387 in
1018 2334 1311 2409 dontotua,
1340 2334 1582 2409 Domine,

84 2410 266 2463 sarcula
311 2404 630 2462 surculorum
657 2406 943 2461 laudabunt
969 2413 1020 2460 te
1046 2404 1214 2477 (Psal.
1244 2421 1472 2477 Lxxxm,
1506 2406 1581 2473 5).

10 2475 17 2519 ε
76 2479 201 2550 Rogo
228 2481 424 2549 itaque
454 2488 535 2543 te,
569 2477 821 2542 Domine,
855 2492 951 2550 per
988 2475 1178 2550 omnes
1215 2475 1587 2550 miserationes

18 2558 130 2621 μ,
146 2547 359 2621 quibus
380 2550 449 2605 de
470 2559 640 2621 morte
660 2558 856 2621 aeterna
879 2548 1085 2621 liberati
1115 2562 1295 2600 sumus
1317 2547 1419 2616 (a),
1448 2548 1589 2621 ιιιοιασ

20 2615 242 2687 ,Βοώτ-
271 2638 459 2676 meum
488 2620 679 2674 durum
721 2630 774 2674 et
810 2618 1112 2688 lapideum,
1145 2633 1367 2672 saxeum
1398 2627 1449 2672 et
1477 2615 1585 2671 fer-

20 2704 160 2759 3m,
185 2703 281 2747 tua
311 2691 674 2746 sacratissima
705 2701 755 2744 et
785 2690 986 2759 potenti
1011 2690 1257 2743 unctione
1282 2707 1294 2741 :
1320 2700 1372 2743 et
1398 2688 1482 2742 fac
1504 2704 1589 2743 me

24 2758 281 2833 "perignem
303 2762 733 2833 compunctionis
753 2758 932 2815 coram
963 2772 1012 2815 te
1032 2761 1177 2815 omni
1205 2759 1334 2814 hora
1358 2760 1588 2833 hostiam

32 2831 162 2889 dum
193 2836 340 2890 ﬁeri.
370 2831 477 2888 Fac
508 2850 592 2888 me
623 2833 675 2886 in
708 2842 795 2886 tuo
834 2839 1122 2901 conspectu
1168 2847 1262 2885 cor
1300 2831 1588 2885 contritunt

22 2916 71 2975 έᾳ
87 2905 413 2961 bumiliatnm
438 2920 651 2975 semper
672 2903 888 2975 habere,
907 2918 1030 2957 cum
1052 2904 1403 2975 lacrymarum
1426 2902 1593 2975 abun.-

18 2974 172 3101 ἰωὴ
192 2979 301 3049 (b).
329 2976 438 3032 Fac
472 2973 646 3031 me'ex
680 2986 769 3029 tuo
797 2974 1063 3029 desiderio
1094 2974 1215 3027 huic
1242 2973 1442 3027 mundo
1467 2973 1590 3026 fun-

26 3100 31 3101 ,
91 3065 140 3101 us
166 3049 469 3101 exstingui.
502 3058 556 3101 et
586 3047 974 3101 transeuntium
1003 3060 1181 3099 rerum
1208 3044 1447 3099 oblivisci
1480 3060 1589 3101 brae

91 3065 140 3103 us
166 3044 469 3119 exstingui,
502 3058 556 3103 et
586 3047 974 3119 transeuntium
992 3060 1181 3119 rerum
1208 3044 1447 3119 oblivisci
1480 3060 1589 3119 prae

36 3113 386 3190 agnitudine'
401 3120 608 3173 timoris
632 3128 684 3173 et
709 3118 906 3172 amoris
934 3117 1039 3181 tui;
1074 3130 1241 3190 usque
1280 3116 1413 3172 adeo
1442 3124 1499 3171 ut
1522 3113 1592 3187 (c)

36 3188 81 3243 de
101 3188 479 3262 iemporalibus
507 3206 604 3245 nec
632 3190 867 3259 lugeam,
896 3203 1004 3262 nec
1017 3188 1312 3262 gaudeam;
1342 3204 1441 3262 nec
1479 3203 1595 3262 me-

24 3266 145 3325 gtsam
189 3259 397 3333 aliquid
444 3262 766 3330 temporale,
811 3274 910 3315 nec
954 3259 1204 3333 diligam;
1246 3275 1347 3333 nec
1388 3260 1596 3333 blandis

26 3331 339 3404 zumumpar,
369 3348 469 3388 nec
498 3333 746 3404 adversis,
764 3332 1058 3404 concutiar.
1083 3331 1151 3385 Et
1176 3332 1298 3400 quia
1320 3340 1409 3384 tua
1441 3331 1596 3399 plena

24 3404 173 3467 inlida
200 3401 287 3460 est
320 3417 375 3459 ut
402 3419 545 3458 mors
573 3403 808 3467 dilectio,
840 3401 1124 3457 absorbeat
1148 3443 1162 3468 ,
1197 3417 1408 3471 quaeso,
1446 3416 1600 3471 men-

26 3464 120 3528 ἒιειιι
146 3491 318 3530 meam
349 3475 418 3529 ab
442 3476 689 3530 omnibus
718 3464 836 3544 quae.
864 3473 963 3529 sub
1002 3464 1322 3541 cmlo'stint,
1353 3464 1512 3543 ignita
1544 3480 1600 3527 et

24 3547 257 3602 ‘Jeliillua
286 3548 371 3602 vis
398 3548 595 3601 amoris
623 3546 699 3599 tui
726 3543 744 3597 :'
772 3554 828 3599 ut
852 3544 945 3598 tibi
978 3544 1077 3599 soli
1108 3543 1397 3599 inhaereant
1419 3586 1434 3611 ,
1458 3544 1598 3598 sola-

22 3628 117 3683 ?qne
150 3628 251 3673 tua:
290 3618 568 3673 suavitatis
598 3617 856 3671 memoria
886 3631 1093 3684 pascar.
1122 3615 1423 3670 Desceudat
1444 3656 1459 3679 ,
1489 3615 1597 3669 Do-

28 3688 180 3757 .nine,
228 3689 553 3755 descendat,
606 3703 811 3758 precor,
852 3685 1143 3742 descendat
1185 3686 1237 3740 in
1282 3702 1378 3741 cor
1422 3701 1599 3740 meum

43 3758 146 3829 odor
174 3771 293 3815 tuus
323 3760 672 3815 suavissimus
697 3777 708 3811 :
737 3758 1064 3829 ingrediatur
1091 3772 1242 3811 amor
1284 3767 1404 3829 tuus
1431 3758 1602 3829 melli-

20 3828 169 3885 funus.
194 3833 385 3888 Veniat
423 3831 552 3885 mihi
588 3832 660 3885 tui
691 3828 897 3899 saperis
928 3830 1057 3883 mira
1091 3838 1143 3883 et
1180 3828 1463 3883 ineilabilis
1489 3828 1600 3882 fra-

18 3924 19 3927 η
44 3905 234 3970 stantia,
259 3920 378 3974 qua:
402 3902 757 3973 sempiternas
778 3902 832 3974 in
859 3916 944 3955 me
971 3900 1191 3955 suscitet
1218 3899 1602 3974 concupiscen-

48 3974 154 4042 tias,
178 3985 227 4029 et
253 3971 321 4030 ex
347 3971 663 4029 corde'meo
702 3973 962 4042 producat
990 3987 1154 4026 venas
1184 3971 1425 4025 salientis
1449 3986 1603 4040 aquae

50 4041 255 4100 invitam
285 4056 562 4101 aaternam.
607 4041 901 4098 Immensus
947 4060 1037 4107 es,
1092 4043 1346 4108 Domine;
1390 4052 1443 4097 et
1486 4042 1603 4096 sine

24 3110 33 3123 β

20 3146 27 3159 ἢ

24 3172 33 3183 Α

56 4128 260 4171 mensura
308 4118 471 4171 debes
518 4116 683 4170 amari
734 4124 787 4169 et
832 4114 1037 4169 laudari
1081 4114 1148 4168 ab
1200 4113 1283 4168 his
1326 4128 1460 4182 quos
1513 4121 1604 4167 tuo

56 4188 251 4259 pretioso
278 4189 537 4259 sanguine
567 4186 875 4253 redemisti,
908 4194 1112 4240 amator
1142 4184 1415 4239 hominum
1447 4184 1601 4238 beni-

52 4270 284 4323 gmssime.

105 4327 518 4385 Clementissime
560 4330 781 4383 Domine
802 4370 817 4395 ,
858 4337 911 4383 et
954 4328 1257 4397 mquissime
1291 4324 1451 4395 judex
1474 4367 1489 4391 ,
1521 4324 1607 4397 cui

49 4410 179 4455 «nne
200 4401 452 4471 judicium
480 4400 627 4455 dedit
654 4400 810 4454 Pater
838 4398 1019 4468 (Joan.
1046 4415 1100 4471 v,
1130 4397 1249 4471 22),
1278 4396 1607 4465 sapientissi-

50 4484 123 4542 tno
150 4469 397 4542 :rquitatis
440 4480 545 4525 tua:
592 4472 838 4525 decernis
882 4470 1104 4539 imperio
1126 4469 1164 4542 ’_
1188 4470 1520 4542 huc__rcctum
1553 4474 1608 4521 et

52 4538 220 4606 justum
246 4558 383 4607 esse,
411 4554 465 4597 ιιι
498 4542 587 4595 lilii
613 4542 773 4611 hujus
798 4538 998 4607 saeculi,
1028 4540 1198 4594 noctis
1226 4539 1428 4593 scilicet
1452 4548 1505 4592 et
1531 4546 1608 4611 te-

54 4611 326 4684 nebrarum,
346 4608 702 4684 prmstantiori
730 4611 1235 4684 desiderio,virtute
1251 4620 1412 4684 atque
1432 4608 1610 4684 studio

55 4679 247 4752 diligant
268 4694 321 4740 et
350 4679 599 4755 quaerant
639 4685 907 4755 perituras
928 4682 1137 4736 divitias
1163 4692 1218 4737 et
1236 4681 1489 4755 fugitivos
1516 4680 1610 4735 ho-

56 4767 217 4821 nores,
242 4753 398 4827 quam
428 4772 527 4811 nos
553 4756 691 4827 servi
724 4754 1205 4827 tuiidiligamus‘te,
1233 4753 1377 4827 Deus
1405 4762 1606 4827 noster,

58 4837 140 4890 per
156 4822 295 4895 quem
327 4828 448 4883 facti
476 4837 530 4882 et
559 4826 820 4895 redempti
847 4822 1050 4880 sumus.
1074 4824 1128 4879 Si
1155 4826 1299 4879 enim
1334 4823 1494 4876 homo
1516 4822 1611 4895 ho-

60 4894 225 4968 minem
263 4907 406 4952 tanta
446 4898 615 4968 diligit
643 4894 961 4963 dilectione,
1008 4905 1065 4950 ut
1102 4896 1240 4949 alter
1265 4896 1495 4968 alterum
1524 4894 1610 4949 vix

62 4967 258 5039 patiatur
284 4970 509 5034 abesse;
545 4966 587 5024 si
614 4984 808 5039 sponsa
839 4983 1037 5037 Sponso
1068 4976 1213 5039 tanto
1254 4966 1447 5039 mentis
1481 4980 1613 5039 con-

61 5037 309 5110 glutinatur
335 5042 557 5106 ardore,
590 5036 659 5093 uti
688 5056 797 5110 pra:
826 5036 1187 5109 magnitudine
1229 5037 1428 5091 amoris
1470 5036 1614 5110 nulla

64 5108 228 5171 perfrui
256 5112 427 5168 valeat
455 5108 848 5181 requie,‘chari
891 5108 973 5165 sui
1010 5110 1306 5163 absentiam
1349 5124 1454 5162 non
1501 5108 1617 5163 sine

67 5192 226 5251 magno
250 5198 477 5239 maerore
504 5183 682 5238 ferens
708 5200 720 5236 :
747 5196 851 5251 qua
880 5196 1008 5251 ergo
1033 5181 1340 5243 dilectione,
1369 5194 1479 5251 quo,
1500 5188 1617 5251 stu-

68 5247 157 5325 ὧοξ
174 5268 269 5321 quo
298 5254 505 5311 fervore
530 5254 707 5308 anima
736 5247 894 5322 quam
920 5247 1249 5325 desponsasti
1276 5251 1366 5325 tibi
1390 5247 1442 5303 in
1463 5250 1620 5325 justi-

70 5321 195 5398 hauet
218 5326 309 5380 tide
329 5369 345 5393 ,
378 5327 431 5381 in
463 5321 829 5381 misericordia
871 5332 923 5377 et
948 5322 1397 5398 miserationibus
1418 5363 1432 5388 ,
1460 5321 1621 5376 debet

71 5388 254 5463 diligere
282 5388 341 5454 te'
362 5398 533 5453 Deum
575 5411 761 5451 verum
797 5406 850 5450 et
876 5394 1290 5466 pulcherrimum
1322 5408 1617 5462 sponsum,

309 5588 419 5634 vox!
449 5571 747 5642 MAMS?"
781 5632 791 5642 .

130 5630 231 5695 fis.
252 5630 513 5695 Mettensis,

132 5690 287 5757 ﬁlias,
499 5690 760 5747 discernis.

147 5755 190 5864 ἵ)
405 5758 766 5871 ωιιΐηὲὲειινιᾶ,
792 5772 840 5806 ιι.
867 5758 913 5806 4.

132 5754 195 5937 ἑοὶ
222 5820 566 5937 .
593 5857 644 5933 εί
665 5822 816 5937 gout,
842 5896 913 5937 nat

152 5821 195 5941 ιζ
222 5821 388 5894 ιιᾳιιιι.
412 5822 504 5873 col.
535 5821 643 5881 133,
670 5822 719 5869 b.
1132 5884 1159 5899 η

152 5890 175 5927 ι
222 5882 345 5945 lbtd.,
372 5885 475 5947 154,
499 5900 566 5947 c.,
593 5890 644 5933 et
665 5882 816 5943 Conf.,
842 5891 961 5945 part.
984 5882 1029 5941 :3,
1057 5897 1102 5931 ιι.
1141 5902 1179 5930 ι.

3163 381 3268 437 930

1689 487 1779 562 qui
1810 488 2228 562 nos_sic_antasti
2253 495 2308 544 et
2331 489 2546 545 salvasti
2567 531 2583 556 ,
2619 491 2708 562 qui
2738 508 2834 562 pro
2860 496 3011 553 nobis
3038 504 3178 554 tanta
3209 510 3264 555 et

1685 557 1807 611 talia
1835 559 2044 613 fecisti?

1711 699 1721 710 _
1755 628 2065 699 Quanquam
2091 640 2270 687 autem
2298 630 2411 688 haec
2433 633 2611 688 inﬁma
2639 634 3016 710 habeantsuas
3035 639 3266 710 delecta-

1686 706 1859 755 tiones
1882 743 1897 769 ,
1934 717 2165 772 suosque
2204 718 2443 768 amores;
2479 722 2580 759 non
2613 714 2790 762 tamen
2820 708 2906 761 tali
2932 709 3090 764 modo
3115 712 3268 768 dele-

1685 779 1866 853 ctant,
1915 774 2052 853 sicut
2082 782 2169 839 tu,
2203 774 2341 828 Deus
2369 785 2585 853 noster._
2613 776 2669 831 1n
2713 787 2764 833 te
2803 779 2959 853 enim
2979 781 3270 838 delectatur

1680 845 1889 911 justus,
1930 845 2052 913 quia
2092 860 2249 919 amor
2285 855 2405 919 tuus
2442 848 2618 919 suavis
2657 860 2738 905 est
2778 858 2833 905 et
2875 851 3117 919 quietus;
3149 869 3268 908 nam

1686 923 1898 994 pectora
1926 931 2043 984 quae
2064 916 2343 994 possidet,
2375 917 2656 974 dulcedine
2683 930 2737 975 et
2759 916 3028 994 suavitate
3049 916 3110 978 et
3125 934 3271 977 trau-

1686 985 1944 1054 quillitate
1966 988 2153 1055 replet.
2177 988 2214 1041 Ε
2230 998 2413 1043 contra
2428 1004 2589 1044 amor
2611 992 2792 1046 saeculi
2812 1002 2864 1047 et
2887 994 3064 1049 carnis
3083 998 3271 1050 anxius

1685 1062 1770 1136 est
1788 1065 1840 1109 et
1864 1059 2221 1136 perturbatus,
2240 1060 2443 1114 animas
2459 1070 2604 1116 certe
2629 1078 2759 1136 quas
2786 1063 3098 1133 ingreditur,
3121 1068 3272 1136 quie-

1686 1133 1767 1179 tas
1796 1141 1915 1203 esse
1957 1130 2327 1203 nonpatitur;
2353 1146 2563 1201 semper
2605 1130 2746 1187 enim
2792 1130 3181 1203 suspicionibus
3219 1148 3275 1192 et

1686 1198 2169 1321 qerturbationibus
2206 1198 2510 1272 variisque"
2544 1203 2822 1259 timoribus
2864 1198 3115 1261 sollicitat
3154 1223 3266 1263 eas.

1736 1285 1765 1321 tt
1798 1270 1973 1321 itaque
2003 1286 2061 1321 es
2100 1270 2381 1321 delectatio
2413 1283 2679 1321 rectorum
2706 1316 2718 1321 -
2765 1285 2820 1321 et
2858 1278 3050 1321 merito
3071 1294 3084 1306 -
3117 1279 3266 1321 mnia:

1736 1285 1769 1349 ιι
1798 1270 1973 1349 itaque
1988 1286 2061 1349 _es
2100 1270 2395 1349 delectatio
2413 1283 2679 1349 rectorum
2706 1316 2720 1340 ,
2765 1285 2820 1349 et
2858 1278 3084 1349 merito;
3117 1279 3271 1349 quies

1686 1341 1827 1419 enim
1861 1341 2033 1419 valida
2058 1350 2140 1419 est
2165 1342 2303 1419 apud
2350 1353 2399 1419 te
2442 1354 2497 1398 et
2520 1345 2988 1419 imperturbabilis
3012 1341 3149 1403 vita.“
3168 1349 3269 1415 Qui

1687 1411 1846 1487 intrat
1874 1411 1927 1464 in
1958 1421 2025 1475 te,
2061 1411 2214 1487 bone
2224 1414 2451 1487 Domine
2472 1457 2485 1479 ,
2518 1411 2679 1470 intrat
2706 1417 2757 1470 in
2785 1418 3035 1487 gaudium
3060 1411 3269 1475 Domini

1686 1480 1809 1560 sui_:
1838 1490 1892 1535 et
1911 1499 2034 1560 non
2056 1484 2531 1560 timebit_amplius,
2561 1487 2652 1541 sed
2681 1480 2895 1543 habebit
2915 1504 2975 1544 se
2994 1491 3193 1560 Optime
3215 1491 3270 1546 in

1686 1552 1951 1627 optimo‘,
1975 1553 2168 1627 dicens
2196 1574 2208 1609 :
2236 1554 2361 1609 Haec
2377 1552 2577 1627 requies
2598 1575 2707 1611 mea
2726 1561 2780 1612 in
2804 1552 3045 1614 saeculuni
3064 1564 3237 1616 surculi
3252 1579 3271 1627 ;

1687 1622 1769 1702 [iis
1794 1622 2048 1702 dubitabo,
2081 1627 2320 1702 quoniam
2348 1622 2472 1698 elegi
2498 1645 2612 1702 eunt
2637 1629 2805 1702 (Psal.
2834 1646 3015 1693 cxxxr,
3051 1632 3141 1702 Μ)
3176 1652 3188 1687 :
3218 1622 3274 1687 ei.

1687 1693 1815 1747 illud
1836 1734 1852 1759 ,
1884 1694 2129 1769 Dominus
2153 1699 2279 1769 regit
2313 1715 2391 1769 me
2409 1693 2440 1762 ,⁷
2454 1711 2500 1752 et
2539 1693 2664 1753 nihil
2704 1700 2827 1755 mihi
2865 1702 3054 1769 deerit;
3082 1693 3135 1757 iii
3161 1704 3271 1758 loco

1688 1765 2092 1844 pashcutejbiﬂnte
2114 1765 2373 1844 collocavit
2400 1769 2567 1844 (Psal.
2588 1786 2717 1837 χχιι,
2751 1773 2802 1837 1,
2829 1771 2909 1844 2).

1762 1836 1943 1891 Dulcis
1971 1836 2209 1914 Christe,
2239 1841 2379 1914 bone
2407 1836 2535 1914 Iesu
2554 1883 2567 1903 ,
2588 1836 2992 1914 reple,qtiaeso
3012 1884 3026 1910 ,
3056 1860 3270 1914 semper

1688 1922 1782 1961 cor
1810 1922 1987 1980 meum
2019 1918 2103 1963 tua
2128 1910 2541 1980 inexstinguibili
2567 1910 2873 1979 dilectione,
2905 1924 2992 1969 tua
3018 1910 3271 1972 continua

1688 1978 2096 2035 recordatione:
2128 1980 2263 2036 adeo
2303 1978 2381 2035 ιη’
2400 1983 2534 2036 sicut
2566 1982 2778 2038 ﬂamma
2818 1978 2978 2040 urens
3016 1995 3155 2040 totus
3181 2002 3272 2040 ar-

1688 2048 1843 2125 deam
1871 2049 1923 2103 in
1956 2052 2028 2105 tui
2058 2053 2255 2106 amoris
2281 2051 2558 2125 dulcedine
2580 2094 2595 2117 ,
2628 2071 2783 2123 quem
2820 2065 2873 2109 ct
2912 2072 3062 2125 aqua:
3092 2058 3274 2112 multa:

1689 2119 1743 2196 in
1770 2136 2154 2196 me_nunquam
2181 2124 2387 2192 possint
2414 2119 2771 2196 exstinguere.
2799 2125 2907 2181 Fac
2932 2119 3018 2180 me
3034 2169 3047 2189 ,
3072 2128 3271 2181 dulcis-

1689 2190 1829 2267 sime
1862 2190 2085 2267 Domine
2106 2234 2121 2257 ,
2150 2190 2331 2248 amare
2355 2190 2473 2267 te",
2503 2202 2559 2267 et
2584 2190 2850 2251 desiderio
2890 2206 2979 2251 tuo
3006 2197 3276 2267 deponere

1690 2262 1897 2331 pondus
1924 2265 2160 2319 omnium
2190 2265 2484 2320 carnalium
2512 2265 2916 2332 desideriorum,
2948 2276 3002 2322 et
3030 2262 3273 2323 terrena-

1690 2348 1809 2409 rum
1839 2335 2389 2403 concupiscentiarum
2425 2338 2794 2407 gravissimam
2826 2339 3087 2393 sarcinam
3109 2380 3122 2402 ,
3157 2356 3276 2409 qua:

1690 2402 2093 2472 impugnantet
2132 2402 2708 2476 aggravant'miseram
2748 2411 2978 2463 animam
3024 2402 3274 2465 meam":

1690 2482 1750 2528 ut
1778 2485 1897 2543 post
1941 2486 1991 2531 te
2032 2478 2310 2551 expeditus
2356 2477 2409 2531 in
2452 2478 2618 2551 odore
2655 2488 3040 2551 unguentorum
3068 2480 3276 2536 tuorum

1691 2559 1937 2611 currens,
1970 2564 2134 2615 usque
2159 2548 2224 2603 ad
2253 2558 2355 2603 ture
2383 2548 2793 2617 pulchritudinis
2818 2552 3075 2605 visionem
3098 2551 3278 2607 efﬁca-

1692 2617 1825 2671 citer
1850 2618 2155 2691 satiandus,
2185 2620 2498 2688 quantocius
2542 2629 2594 2674 te
2637 2637 2851 2691 quoque
2894 2622 3028 2676 duce
3067 2638 3277 2677 merear

1694 2688 1995 2756 pervenire.
2016 2690 2127 2744 Duo
2148 2692 2290 2745 enim
2316 2704 2547 2757 amores,
2567 2688 2700 2745 alter
2721 2688 2910 2755 bimus,
2932 2693 3066 2746 alter
3082 2694 3269 2757 malus,

1693 2758 1829 2813 alter
1841 2758 2030 2832 dulcis,
2051 2760 2189 2832 alter
2209 2775 2443 2827 amarus,
2473 2776 2576 2816 nou
2602 2776 2660 2817 se
2681 2762 2838 2816 simul
2858 2764 3074 2832 capiunt
3100 2764 3152 2817 in
3171 2778 3277 2818 uno

1696 2838 1931 2903 pectore.
1961 2831 2028 2885 Et
2059 2831 2179 2886 ideo
2219 2834 2264 2887 si
2308 2832 2426 2902 quis
2458 2842 2650 2902 praeter
2678 2842 2727 2887 te
2757 2831 2936 2903 diligit
2957 2834 3098 2887 aliud
3120 2876 3135 2901 ,
3169 2850 3273 2889 non

1696 2909 1778 2956 est
1798 2900 2032 2957 charitas
2054 2912 2161 2970 tua,
2188 2900 2343 2967 Deus,
2371 2904 2421 2956 iu
2445 2900 2528 2958 eo.
2560 2905 2723 2958 Amor
2742 2900 3058 2970 dulcedinis,
3082 2916 3135 2960 et
3154 2905 3275 2959 dul-

1697 2971 1830 3027 cedo
1856 2974 2082 3038 amoris;
2106 2988 2255 3028 amor
2277 2990 2384 3029 non
2412 2975 2674 3040 crucians,
2697 2974 2791 3029 sed
2813 2975 3104 3041 delectans,
3128 2991 3278 3029 amor

1699 3044 1907 3115 sincere
1945 3053 2000 3098 et
2037 3055 2220 3111 caste,
2272 3061 2588 3115 permanens
2644 3046 2697 3100 in
2749 3046 3001 3101 saeculum
3058 3047 3277 3114 ειυειιιίς

1700 3112 1776 3241 sa)
1802 3130 1951 3169 amor
1979 3116 2071 3184 qui
2098 3112 2310 3185 semper
2337 3116 2494 3171 ardes
2519 3127 2573 3172 et
2593 3133 2859 3186 nunquam
2883 3112 3272 3188 exstingueris,

1740 3186 1870 3241 ulcis
1901 3185 2110 3241 Christe
2129 3231 2141 3241 .
2176 3188 2313 3241 bone
2355 3188 2480 3241 .lesu
2502 3232 2517 3241 .
2561 3189 2791 3241 charitas
2813 3189 2955 3241 Dens
2984 3204 3159 3241 meus.
3188 3204 3272 3241 ac-

1740 3186 1870 3263 uleis
1901 3185 2141 3255 Christe,
2176 3188 2313 3263 bone
2355 3188 2480 3245 .lesu
2502 3232 2518 3257 ,
2561 3185 2791 3245 charitas
2813 3189 2955 3246 Dens
2984 3185 3159 3263 meus,
3188 3204 3279 3244 ac-
3326 3258 3335 3263 _

1699 3258 1870 3313 cende
1896 3275 1981 3313 me
2011 3268 2177 3314 totum
2210 3262 2330 3330 igne
2358 3270 2480 3326 tuo,
2518 3277 2701 3317 amore
2746 3271 2871 3328 tuo,
2923 3260 3181 3317 suavitate
3226 3272 3280 3317 et

1700 3330 2056 3385 delectatione
2085 3341 2170 3384 tua
2192 3373 2207 3397 ,
2234 3332 2566 3401 jucunditate
2590 3342 2643 3387 et
2669 3334 3019 3388 exsultatione
3050 3344 3157 3397 tua,
3189 3349 3284 3387 vo-

1702 3401 1901 3469 luptate
1930 3410 1984 3456 et
2010 3403 2441 3471 concupiscentia
2464 3413 2574 3468 tua,
2596 3419 2715 3473 qua:
2735 3415 2915 3459 sancta
2938 3413 3018 3459 est
3042 3415 3095 3458 et
3121 3404 3280 3468 bona,

1702 3481 1848 3544 casta
1877 3482 1962 3544 est
1985 3482 2040 3527 et
2066 3473 2282 3535 munda,
2317 3476 2599 3544 tranquilla
2623 3482 2705 3529 est
2728 3484 2781 3529 et
2806 3490 2992 3530 secura
3017 3492 3031 3528 :
3061 3483 3118 3529 ut
3140 3484 3285 3531 totus

1703 3543 1983 3597 dulcedine
2008 3545 2206 3599 amoris
2232 3545 2306 3599 tui
2336 3543 2556 3614 plenus,
2587 3553 2728 3600 totus
2757 3544 2970 3600 ﬂamma
3009 3546 3284 3602 cbaritatis

1706 3623 2124 3687 tua:_succensus
2148 3658 2163 3683 ,
2197 3617 2409 3687 diligam
2441 3626 2493 3672 te
2520 3616 2801 3671 Dominum
2846 3633 3021 3672 meum
3065 3632 3129 3672 ex
3174 3626 3286 3672 toto

1705 3685 1867 3758 corde
1916 3702 2071 3750 meo,
2116 3688 2240 3741 totis
2284 3685 2531 3743 medullis
2564 3687 2975 3758 praacordiorum
3006 3704 3283 3754 meorum;

1706 3756 1907 3812 habens
1938 3766 1989 3812 te
2019 3759 2070 3812 in
2097 3758 2256 3813 corde
2285 3769 2338 3812 et
2363 3760 2414 3813 in
2442 3756 2638 3824 ore,‘et
2658 3775 2767 3827 pra:
2796 3760 2965 3815 oculis
2992 3760 3124 3814 meis
3149 3776 3289 3815 sem-

1744 3844 1804 3882 er
1831 3838 1884 3883 et
1914 3829 2137 3899 ubique,
2172 3831 2241 3883 ita
2268 3840 2325 3883 ut
2356 3831 2527 3885 nullus
2555 3829 2606 3884 in
2634 3846 2721 3885 me
2746 3830 3059 3885 adulterinis
3086 3831 3287 3884 amori—

1746 3915 1806 3953 us
1846 3909 2023 3967 pateat
2072 3901 2241 3955 locus.
2284 3900 2456 3967 Audi,
2505 3901 2643 3955 Deus
2684 3916 2867 3965 mens,
2903 3901 3055 3964 audi,
3107 3902 3288 3956 lumen

1708 3970 1981 4024 oculorum
2013 3987 2252 4025 meorum
2270 4012 2283 4035 ,
2312 3971 2432 4026 audi
2465 3987 2584 4040 quae
2609 3980 2665 4026 et
2692 3982 2813 4040 peto
2834 4013 2847 4034 ,
2874 3980 2926 4026 et
2953 3972 3017 4025 da
3045 3986 3165 4040 qua:
3193 3988 3288 4041 pe-

1710 4049 1816 4095 tam
1846 4051 1901 4095 ut
1930 4041 2133 4096 audias.
2161 4043 2251 4095 Pie
2277 4052 2330 4095 et
2358 4042 2646 4096 exorabilis
2671 4042 2913 4108 Domine,
2945 4058 3013 4097 ne
3043 4042 3291 4097 efﬁciaris

1709 4112 1840 4165 mihi
1884 4112 2227 4167 inexorabilis
2259 4120 2473 4181 prepter
2502 4121 2713 4181 peccata
2743 4128 2897 4176 mea;
2940 4111 3035 4167 sed
3073 4122 3293 4181 prepter

1708 4183 1997 4252 bonitatem
2030 4192 2173 4237 tuam
2204 4184 2413 4252 suscipe
2443 4197 2631 4252 preces
2672 4184 2811 4237 servi
2840 4183 2949 4249 tui,
2980 4191 3034 4237 et
3060 4182 3127 4237 da
3158 4182 3291 4237 mihi

1711 4251 1955 4308 eﬂ‘ectum
1988 4254 2258 4324 petitionis
2284 4251 2623 4308 et'deSiderii
2663 4254 2803 4319 mei,
2847 4252 3210 4324 intercedente
3238 4262 3293 4309 et

1711 4334 1897 4379 orante
1933 4323 1998 4379 eti
2028 4328 2345 4394 impetrante
2373 4325 2602 4394 gloriosa
2630 4324 2887 4395 genitrice
2917 4331 3004 4379 tua
3026 4366 3042 4393 ,
3068 4323 3288 4379 domina

1711 4411 1849 4458 mea,
1872 4412 1992 4450 cum
2022 4396 2268 4450 omnibus
2295 4397 2510 4451 sanctis.
2543 4398 2733 4452 Amen.

1785 4467 2009 4523 CAPUT
2048 4466 2285 4521 XXXVI.
2345 4467 2527 4521 Preces
2584 4468 2651 4520 ad
2701 4466 2957 4522 Christum
3001 4482 3108 4536 pra:
3163 4466 3297 4521 desi-

1715 4537 1855 4611 derio
1868 4540 2130 4593 cbaritatis
2151 4550 2197 4592 et
2218 4539 2575 4610 laciymarum.
2594 4538 2861 4611 Lacrynue
2877 4539 3063 4611 amoris
3083 4537 3292 4611 indices.

1714 4611 1794 4663 Ad
1837 4608 2088 4682 lacrgmas
2118 4612 2287 4664 anima
2316 4608 2544 4682 quarens
2582 4608 2747 4682 Deum
2793 4610 3039 4682 exfitatur
3067 4608 3299 4682 exemplo

1714 4682 1891 4735 Amne.
1909 4680 2177 4736 Excitatur
2188 4692 2234 4736 el
2248 4680 2473 4751 exemplo
2491 4680 2827 4752 Magdaleme.
2844 4680 3300 4752 Lacrymanumju-

1715 4753 1792 4823 gis
1820 4754 1984 4823 gratia
2010 4752 2356 4824 cxoratur.(b)
2373 4750 2828 4824 Christe'Domine
2846 4751 3077 4824 Verbum
3105 4750 3298 4824 Patris,

1718 4819 2025 4893 qui'venisti
2064 4826 2117 4878 in
2148 4819 2302 4878 hunc
2322 4819 2575 4878 mundum
2607 4832 2913 4893 peccatores
2944 4822 3127 4893 salvos
3151 4819 3299 4893 face-

1718 4892 1799 4960 re,
1828 4911 1958 4965 rogo
1985 4906 2034 4951 te
2059 4911 2157 4965 per
2186 4894 2645 4964 indulgentissima
2675 4892 3056 4965 misericordiae
3084 4900 3192 4947 tua:
3220 4892 3303 4947 vi-

1720 4970 1868 5021 scera
1898 4964 1995 5039 (ε),
2024 4964 2257 5039 emenda
2276 4966 2435 5039 vitam
2466 4980 2659 5030 meam,
2693 4964 2915 5039 meliora
2944 4974 3124 5029 actus,
3153 4978 3305 5039 corn:

1722 5053 1857 5106 pone
1906 5034 2117 5099 inores,
2169 5036 2295 5090 tolle
2336 5035 2405 5090 de
2449 5051 2534 5091 me
2572 5035 2712 5106 quod
2747 5035 2875 5090 mihi
2922 5043 3078 5091 nocet
3123 5043 3177 5090 et
3211 5034 3308 5089 tibi

1722 5108 2005 5177 diSplicet:
2039 5108 2105 5161 da
2135 5106 2277 5176 quod
2296 5106 2447 5177 nosti
2479 5106 2571 5161 tibi
2614 5107 2861 5177 placere,
2907 5115 2962 5162 et
3006 5106 3137 5177 mibi
3184 5121 3309 5174 pro-

1722 5176 1899 5235 desse.
1924 5178 2054 5245 Quis
2078 5186 2255 5247 potest
2286 5176 2461 5232 facere
2489 5176 2747 5233 mundum
2777 5177 2846 5234 de
2880 5176 3154 5233 immundo
3180 5190 3310 5231 con-

1723 5261 1944 5322 ceptum
1964 5252 2167 5322 semine
2188 5290 2201 5313 ,
2231 5248 2333 5322 nisi
2372 5250 2642 5322 tusolus?
2672 5250 2752 5305 Tu
2792 5265 2851 5305 es
2882 5250 3023 5305 Deus
3062 5247 3312 5322 omnipo-

1726 5315 1843 5379 tens
1867 5321 2086 5377 inﬁnita:
2117 5320 2344 5391 pietatis,
2367 5321 2454 5391 qui
2481 5321 2741 5393 justiﬁcas
2760 5322 2972 5393 impios,
2993 5328 3048 5375 et
3069 5315 3313 5373 viviﬁcas

1789 5504 1807 5534 ι
1835 5509 1915 5551 Ms.
1944 5505 2099 5563 Μαι,

1790 5567 1810 5597 ³
1833 5564 1968 5622 Editi,
1990 5558 2168 5627 optimo
2184 5558 2304 5610 loco.

1790 5629 1812 5661 ³
1836 5634 1915 5677 Ms.
1935 5632 2089 5684 ωειλ,
2113 5629 2387 5684 mutuo.

1790 5690 1811 5722 δ
1837 5689 1965 5738 idem
1989 5680 2091 5750 Ms,
2105 5683 2373 5750 ﬁnpedigmt
2394 5684 2595 5735 adseras
2611 5680 2811 5750 animus;

1813 5754 1863 5807 al
1898 5758 1963 5799 Ex
1987 5740 2153 5798 libflO
2175 5740 2396 5796 'Ooufess.
2423 5752 2641 5807 August.,
2660 5756 2765 5807 cap.
2790 5740 2867 5805 29.

1814 5800 1862 5871 ὃς
1896 5812 2091 5861 Joannis
2112 5811 2364 5871 Piscamn.,
2385 5823 2431 5871 p.
2458 5800 2519 5871 5:
2532 5814 2583 5856 et
2597 5800 2950 5871 apud'Anselm.
2974 5808 3054 5852 οι.
3082 5801 3160 5853 16.

1796 5866 1863 5938 (εδ
1897 5883 1961 5923 Ex
1986 5872 2163 5921 Alcuin.
2187 5870 2314 5925 mnf.
2341 5866 2464 5936 part.
2490 5869 2537 5928 ‘2,
2576 5866 2698 5916 11.4.
