3834 6276
583 350 686 409 955

579 470 749 526 oculis
777 467 948 524 videri
985 483 1091 524 non
1122 474 1318 540 potest.
1344 465 1482 540 Quid
1512 465 1700 540 faciam
1723 466 1898 540 miser
1922 481 2021 540 ego
2036 482 2170 540 _gra-

579 552 734 597 vatus
769 540 1029 612 compede
1054 536 1578 612 mortalitatismcze,
1611 536 1736 612 quid
1765 537 2172 612 faciam?__D_um

579 627 766 668 sumus
813 614 864 666 in
894 607 1163 681 'corpore,
1214 610 1611 682 peregrinamur
1637 624 1668 662 a
1700 609 1922 682 Domino
1957 607 2022 680 (ll
2051 607 2168 682 Cor:

579 700 648 751 v,
677 683 755 755 6).
801 683 918 739 Non
971 679 1362 755 liabemus__l_iic
1397 691 1702 755 manentem
1740 679 2045 743 civitatem,
2077 679 2171 734 sed

579 750 811 811 futuram
863 755 1178 825 inquirimus
1225 751 1408 827 (Hebr.
1443 767 1578 816 xm,
1617 750 1710 875 Mi
1745 760 1967 806 :enoster
1991 761 2170 806 autem

580 826 938 875 municinalus
971 827 1023 875 in
1062 825 1212 875 caelis
1255 832 1355 875 est.
1415 822 1515 875 Hei
1544 821 1672 875 mihi
1748 823 1870 875 auia
1912 822 2170 875 incolatus

580 821 953 897 municipatus'
971 827 1024 881 in
1062 821 1361 897 cmlis'est.
1415 822 1515 897 Hei
1544 821 1706 897 mihi!
1748 822 2172 897 qu_ia_incola_tus

580 913 735 954 meus
785 892 1132 968 prolongatus
1177 893 1582 968 est,_liabitavi
1629 908 1750 948 cum
1808 892 2172 968 habitantibus

578 968 751 1024 Cedar
775 963 803 1033 ;’
838 963 1057 1021 multum
1089 967 1258 1020 incola
1309 965 1407 1018 fuit
1445 965 1620 1019 anima
1670 979 1788 1019 mea
1822 963 1994 1036 (Psal.
2023 980 2166 1030 cxxx,

579 1040 644 1113 ,5,
667 1039 745 1113 6).
792 1039 921 1105 Quis
949 1037 1096 1113 dabit
1121 1037 1254 1113 mihi
1274 1051 1480 1113 pennas
1509 1035 1931 1113 sicnt‘coiiinibaz
1953 1044 2053 1113 ,“e‘t
2080 1050 2172 1090 vo-

576 1105 734 1178 labo',
781 1119 835 1164 et
877 1109 1206 1180 requiescam
1237 1105 1406 1180 (Psal.
1434 1111 1518 1162 Liv
1541 1149 1555 1172 ,
1589 1105 1678 1176 7)?
1722 1105 1865 1180 Nihil
1906 1106 2035 1160 mibi
2063 1115 2168 1180 tam

577 1175 733 1236 dulce
755 1221 770 1244 ,
799 1175 967 1244 quam
985 1195 1105 1235 cum
1140 1175 1363 1234 Domino
1389 1193 1510 1233 meo
1535 1175 1674 1232 eSse.
1722 1175 1844 1230 Mihi
1873 1188 2052 1233 autem
2077 1177 2171 1232 ad~

577 1251 787 1308 haerere
813 1247 924 1305 Deo
950 1251 1147 1305 bonum
1176 1259 1259 1305 est
1286 1247 1457 1321 (Psal.
1491 1265 1664 1321 mm,
1693 1248 1810 1321 28);

648 1323 724 1377 Da
771 1322 938 1388 mihi,
980 1322 1219 1384 Domine,
1265 1318 1436 1374 donec
1490 1319 1572 1374 his
1620 1319 1890 1389 fragilibus
1938 1318 2169 1375 subsisto

575 1393 853 1455 membris.
885 1393 979 1447 tibi
1005 1392 1281 1447 adhaerere
1311 1409 1323 1446 :
1351 1391 1490 1446 sicut
1529 1391 1784 1460 scriptum
1815 1400 1914 1450 est,
1947 1390 2046 1458 Qui
2071 1392 2168 1444 ad-

575 1467 729 1519 liceret
761 1464 1004 1528 Domino,
1036 1480 1167 1517 unus
1193 1463 1400 1532 spiritus
1427 1471 1497 1516 est
1529 1460 1573 1533 (Ι
1597 1461 1713 1514 Cor.
1741 1477 1820 1533 v1,
1846 1461 1956 1531 17).
1985 1461 2168 1533 Praebe

574 1537 728 1618 mihi,
761 1550 912 1618 rogo,
943 1531 1674 1618 contemplationis.pennas,
1717 1532 1908 1615 quibus
1955 1531 2169 1618 indutus

575 1607 640 1661 ad
673 1616 723 1662 te
750 1603 964 1661 vnlitem
993 1603 1227 1661 sursum.
1257 1605 1323 1659 Et
1349 1603 1471 1674 quia
1493 1618 1659 1659 omne
1694 1604 1969 1658 sinistrum
2005 1603 2166 1658 deor-

573 1693 693 1732 sum
721 1677 879 1748 jacet,
913 1687 1032 1732 tene
1060 1685 1294 1731 mentem
1322 1673 1521 1748 meam,
1550 1673 1709 1748 ne‘ad
1741 1675 1844 1728 ima
1873 1675 2168 1729 tenebrosae

572 1745 733 1804 vallis
754 1757 1086 1815 corruat;ne
1113 1746 1497 1802 interveniente
1527 1745 1713 1801 umbra
1744 1754 1968 1811 terrm,a
2001 1755 2050 1800 te
2079 1761 2169 1800 ve-

573 1835 636 1874 ro
659 1820 882 1890 iustitia:
909 1820 1022 1874 sole
1042 1827 1338 1888 separetur,
1370 1825 1427 1890 et
1438 1816 1667 1890 obducta
1694 1816 1930 1871 tenebris
1961 1817 2168 1890 nebulae

573 1887 923 1962 prohibeatur
950 1891 1054 1945 alta
1088 1887 1378 1962 respicere.
1412 1887 1615 1962 Idcirco
1646 1903 1858 1941 sursum
1902 1888 2062 1962 tendo
2098 1889 2166 1942 ad

573 1959 752 2032 pacis,
789 1962 967 2032 gaudii
1012 1962 1250 2030 lucisque
1279 1959 1648 2015 delectabilem
1679 1967 1731 2013 et
1757 1959 2163 2032 serenissimum

572 2029 960 2089 'statumeene
988 2047 1082 2087 cor
1111 2029 1290 2086 meum
1321 2046 1481 2084 manu
1526 2039 1650 2092 tua;
1679 2030 1801 2098 quia
1847 2029 1964 2084 sine
2008 2038 2059 2083 te
2097 2030 2164 2085 ad

571 2104 759 2159 altiora
789 2120 894 2159 non
924 2104 1148 2174 rapitur.
1176 2101 1305 2174 llluc
1333 2099 1550 2174 festino,
1590 2099 1678 2174 tibi
1715 2115 1923 2155 summa
1948 2116 2049 2171 pax
2070 2116 2164 2174 re-

571 2186 717 2246 gnat,
745 2185 799 2230 et
822 2175 964 2246 jugis
985 2170 1351 2246 iranquillitas
1364 2173 1571 2246 rutilat.
1595 2170 1742 2246 Tene
1771 2178 1822 2226 et
1852 2170 1977 2246 rege
2001 2171 2162 2241 spiri-

571 2242 682 2301 tum
725 2242 909 2302 meum
922 2288 936 2312 ,
976 2255 1031 2301 et
1067 2242 1281 2301 assume
1319 2243 1467 2298 illum
1508 2243 1800 2298 secundum
1833 2242 2162 2298 voluntatem

571 2325 717 2372 tuam
741 2335 756 2383 ;
786 2327 843 2373 ut
874 2328 926 2373 te
951 2316 1086 2372 duce
1112 2315 1367 2371 ascendat
1391 2315 1445 2369 in
1474 2314 1620 2369 illam
1649 2314 1921 2384 regionem
1951 2314 2165 2369 uberta-

570 2389 658 2452 tis,
686 2388 774 2444 uhi
801 2389 975 2459 pascis
1004 2387 1166 2444 lsrael
1197 2388 1248 2442 in
1279 2396 1541 2459 aeternum
1577 2385 1770 2454 pabulo
1796 2385 2036 2439 veritatis
2050 2401 2072 2459 _;
2106 2393 2164 2440 ut

570 2459 645 2514 ibi
667 2461 749 2515 vel
777 2456 962 2529 rapida
987 2459 1310 2530 cogitatione
1330 2457 1554 2528 attingat
1583 2464 1637 2528 te
1661 2470 1924 2530 summam
1950 2456 2164 2530 sapien-

571 2531 700 2584 tiam
744 2527 906 2602 super
947 2527 1126 2586 omnia
1171 2527 1500 2596 manentem,
1531 2527 1722 2583 cuncta
1753 2527 2009 2583 scientem
2037 2527 2077 2591 ⁸,
2108 2536 2163 2582 et

569 2603 744 2674 omnia
770 2603 1174 2674 gubernantem.

641 2673 744 2728 Sed
773 2668 1019 2730 'volitanti
1049 2673 1115 2728 ad
1148 2683 1198 2728 te
1225 2673 1418 2728 animae
1445 2671 1610 2726 multa
1651 2677 1775 2724 sunt
1801 2685 1920 2739 quae
1945 2668 2160 2726 obstre-

570 2755 702 2827 punt
725 2764 737 2800 :
760 2745 911 2827 jussu
936 2757 1053 2827 _t_uo,
1083 2744 1338 2826 Domine,
1367 2743 1730 2798 conticescant
1759 2739 1901 2822 .mihi
1944 2741 2156 2804 omnia;

571 2813 685 2884 ipsa
730 2813 863 2871 mihi
907 2816 1061 2871 sileat
1106 2815 1316 2879 anima;
1350 2822 1588 2868 transeat
1627 2813 1805 2884 omnia
1836 2826 1953 2881 quae
1980 2821 2158 2884 creata

569 2883 750 2964 sunt;_
762 2897 994 2942 transeat
1035 2895 1091 2942 et
1125 2903 1205 2964 se,
1238 2896 1292 2941 et
1321 2885 1604 2964 perveniat
1637 2883 1702 2964 ad
1736 2891 1808 2964 te,
1835 2891 1994 2964 atque
2107 2892 2160 2964 te

568 2959 688 3012 solo
711 2959 966 3014 Creatore
994 2958 1232 3012 omnium
1263 2953 1449 3011 oculos
1484 2954 1608 3009 fidei
1647 2953 1806 3024 ligat:
1834 2953 1926 3007 tibi
1968 2953 2156 3021 inhiet,

571 3029 664 3084 tibi
713 3029 969 3094 intendat,
1008 3038 1059 3084 te
1099 3028 1404 3091 meditetur,
1445 3037 1496 3080 te
1538 3023 1948 3093 contempletur,
1979 3034 2029 3079 te
2056 3025 2158 3080 sibi

567 3111 691 3156 ante
721 3101 902 3156 oculos
935 3108 1110 3170 ponat,
1143 3107 1195 3155 te
1224 3099 1323 3170 sub
1349 3096 1511 3170 corde
1541 3095 1780 3170 revolvat
1807 3109 2074 3150 summum
2103 3105 2159 3151 et

567 3187 750 3226 verum
780 3165 977 3227 bonum
997 3211 1014 3236 ,
1058 3180 1112 3226 et
1148 3169 1396 3241 gaudium
1441 3165 1692 3241 sineﬁne
1720 3180 2054 3241 mansurum.

633 3242 708 3313 (a)
725 3243 900 3298 Multa:
925 3237 1292 3312 denique'sunt
1309 3239 1807 3313 contemplationes,
1839 3237 2030 3313 quibus
2045 3238 2157 3293 ani-

565 3308 653 3367 ma
673 3308 762 3368 tibi
780 3315 970 3369 devota
990 3308 1302 3368 mirabiliter
1319 3309 1687 3378 pascitur:scd
1718 3309 1771 3364 in
1799 3308 1941 3364 nulla
1969 3323 2154 3364 earum

568 3384 639 3437 ita
681 3385 970 3453 requiescit
1003 3395 1056 3439 et
1084 3383 1379 3438 delectatur
1407 3381 1584 3436 anima
1613 3396 1755 3445 mea,
1783 3380 1919 3434 sicut
1943 3380 2156 3453 quando

568 3470 628 3509 se
654 3451 825 3508 solum
852 3455 1048 3523 cogitat
1074 3464 1128 3509 et
1152 3453 1565 3523 contemplatur.
1593 3453 1761 3518 Quam
1791 3466 1980 3523 magna
2013 3451 2154 3505 mul-

566 3525 738 3579 titudo
765 3518 1062 3579 dulcedinis
1092 3534 1214 3586 tum,
1240 3518 1464 3577 Domine
1491 3521 1662 3591 (Psal.
1693 3536 1820 3584 xxx,
1851 3518 1966 3592 20).
1996 3536 2154 3592 quam

566 3596 880 3651 mirabiliter
901 3595 1131 3665 inspiras
1145 3593 1396 3649 cordibus
1411 3590 1705 3665 amatorum
1724 3590 1934 3665 tuorum
1952 3591 1965 3645 Ξ
1983 3590 2154 3665 Quam

564 3667 701 3720 mira
729 3667 961 3722 suavitas
988 3661 1187 3719 amoris
1219 3665 1313 3730 tui,
1341 3680 1446 3734 quo
1475 3661 1933 3734 perfruunturrilli
1953 3662 2043 3731 qui
2077 3664 2153 3718 tti-

564 3737 644 3792 hil
677 3746 868 3807 praeter
895 3747 945 3793 te
973 3737 1218 3806 diligunt.
1247 3733 1378 3807 nihil
1409 3742 1673 3807 quaerunt,
1708 3733 1838 3787 nihil
1868 3733 2028 3807 etiam
2058 3749 2152 3789 co-

564 3804 734 3880 gitare
762 3804 1177 3879 concupiscunt!
1210 3806 1416 3880 Felices
1447 3805 1520 3859 illi
1549 3804 1740 3880 quibus
1772 3815 1824 3880 t_u
1855 3804 2004 3880 solus
2028 3820 2154 3880 spes

565 3873 642 3945 ὃς,
673 3889 728 3934 et
755 3897 913 3936 omne
940 3873 1089 3949 'opus
1129 3877 1318 3934 oratio.
1347 3877 1541 3949 Beatus
1567 3873 1660 3946 qui
1703 3873 2152 3949 sedetsolitarius

563 3939 806 4019 ct'tacet,
839 3963 892 4006 et
921 3939 1027 4007 stat
1053 3967 1216 4020 super
1243 3947 1538 4020 custodiam
1579 3939 1730 4003 suam
1768 3939 1966 4018 iugiter
1995 3956 2153 4004 nocte

561 4039 624 4079 ac
653 4024 773 4087 die;
819 4032 875 4078 ut
912 4024 1087 4078 adhuc
1123 4019 1181 4076 in
1223 4021 1324 4075 hoc
1362 4019 1534 4090 fragili
1575 4021 1895 4090 corpusculo
1924 4021 2149 4089 positUs,

561 4096 844 4164 praelibare
871 4095 1042 4149 valeat
1067 4093 1400 4164 aliquatenus
1421 4089 1754 4164 dulcedinem
1786 4097 1950 4144 tuam.

631 4165 780 4236 Rogo
809 4177 860 4222 te
888 4182 980 4236 per
1008 4166 1097 4220 illa
1127 4162 1400 4236 salutifera
1447 4162 1667 4217 vulnera
1721 4170 1830 4236 tua,
1879 4175 1998 4230 qua:
2026 4175 2150 4236 pas-

559 4253 650 4292 sus
675 4233 735 4292 es
759 4239 812 4291 in
836 4233 994 4292 cruce
1019 4253 1117 4308 pro
1143 4235 1314 4290 salute
1343 4241 1547 4299 nostra,
1575 4248 1641 4289 ex
1666 4233 2152 4308 quibusemanavit

558 4308 649 4362 ille
690 4309 956 4378 pretiosus
995 4302 1213 4377 sanguis
1249 4321 1356 4376 quo
1394 4320 1579 4359 sumus
1617 4302 1897 4378 redempti,
1927 4303 2147 4378 vulnera

557 4374 947 4434 banc—animam
977 4374 1349 4449 peccatricem,
1371 4390 1470 4446 pro
1491 4390 1592 4444 qua
1618 4374 1780 4449 etiam
1804 4374 1939 4428 mori
1961 4375 2149 4449 digna-

557 4459 766 4517 tuses;
797 4445 1016 4505 vulnera
1058 4465 1177 4504 eam
1219 4445 1389 4518 igneo
1409 4455 1464 4500 et
1502 4445 1876 4518 potentissimo
1907 4445 2012 4518 telo
2044 4454 2149 4500 tua:

557 4515 1073 4577 nimim'cbaritatis.
1113 4515 1276 4575 Vivus
1314 4533 1405 4581 es,
1437 4515 1614 4573 sermo
1645 4515 1760 4580 Dei,
1794 4524 1846 4570 et
1872 4516 2060 4571 efﬁcax
2093 4525 2151 4572 et

556 4593 938 4663 penetrabilior
963 4591 1107 4647 omni
1132 4589 1310 4662 gladio
1335 4587 1552 4663 ancipiti
1582 4587 1601 4656 (
1625 4585 1784 4663 Hebr.
1810 4602 1881 4663 iv,
1908 4586 1976 4641 12
2001 4588 2042 4658 ).
2068 4587 2146 4642 Tu

553 4657 742 4736 sagitta
764 4666 954 4728 electa,
971 4673 1027 4719 et
1052 4657 1260 4734 gladius
1285 4659 1650 4722 acutissimus,
1680 4659 1770 4736 qui
1798 4657 2146 4736 durumscu-

558 4727 668 4790 tuin
697 4737 912 4792 humani
935 4727 1115 4792 cordis
1139 4742 1425 4800 penetrare
1450 4741 1538 4785 tua
1560 4727 1794 4800 potentia
1824 4727 1991 4800 vales,
2019 4744 2148 4784 con-

559 4808 662 4876 fige
691 4824 784 4878 cor
810 4824 986 4864 meum
1013 4799 1299 4878 jaculotui
1326 4803 1525 4858 amoris
1554 4799 1573 4854 ξ
1597 4808 1654 4878 ut
1679 4799 1819 4854 dicat
1851 4799 1944 4878 tibi
1970 4800 2146 4878 anima

555 4869 696 4945 nica,
721 4877 992 4934 Cliaritate
1013 4869 1106 4934 iua
1135 4876 1551 4945 vulneratasum
1572 4889 1587 4939 ;
1612 4872 1682 4945 ita
1711 4879 1768 4924 ut
1796 4886 1861 4926 ex
1890 4869 2006 4941 ipso
2032 4872 2149 4926 vul-

556 4944 688 5004 nere
725 4951 922 5004 amoris
968 4951 1043 5004 tui
1085 4949 1371 5005 uberrima:
1407 4944 1575 5000 ﬂuant
1616 4944 1866 5015 lacryma:
1896 4951 2054 5015 nocte
2083 4958 2146 5015 ac

554 5021 661 5075 die.
684 5020 932 5085 Percute,
957 5020 1199 5084 Domine,
1227 5027 1464 5089 pereunte,
1483 5013 2146 5089 Aobsecroibancdurissi-

554 5109 696 5148 mam
741 5099 976 5146 mentem
1025 5106 1199 5146 meam
1229 5085 1531 5159 praevalida
1578 5085 1814 5159 cuspide
1845 5085 2146 5159 dilectionis

555 5173 680 5231 tuae,
724 5173 778 5220 et
820 5163 978 5218 altius
1013 5162 1080 5217 ad
1120 5157 1305 5216 intima
1347 5168 1566 5229 penetra
1614 5157 1816 5228 potenti
1843 5157 2060 5231 virtute,
2091 5165 2146 5231 et

550 5238 631 5293 sic
659 5227 725 5293 da
754 5235 912 5306 capiti
941 5248 1061 5306 meo
1089 5248 1283 5306 aquam
1314 5227 1628 5306 immensam
1649 5271 1663 5295 ,
1693 5239 1761 5306 _et
1803 5228 1970 5284 oculis
2010 5227 2145 5284 meis

552 5309 773 5364 infunde
790 5301 973 5362 verum
997 5304 1198 5361 fontem
1220 5303 1570 5373 lacrymarum
1596 5301 1793 5372 jugiter
1815 5308 2140 5373 manantem,

550 5398 613 5437 ex
648 5381 814 5437 nimio
853 5378 1046 5434 affectu
1089 5385 1145 5434 et
1183 5369 1452 5430 desiderio
1483 5369 1702 5428 visionis
1731 5369 2142 5442 pulchritudinis

551 5463 675 5520 tuae,
705 5463 764 5507 ut
790 5452 999 5522 lugeam
1030 5457 1186 5522 nocte
1212 5462 1277 5502 ac
1303 5445 1418 5522 die,
1446 5445 1645 5522 nullam
1675 5441 2014 5522 in’prtcseitti
2037 5441 2142 5495 vita

549 5513 1286 5598 recipiensconsolationem,
1311 5517 1483 5573 donec
1495 5525 1559 5598 te
1590 5516 1644 5570 in
1667 5513 1878 5596 caelesti
1909 5513 2144 5568 thalamo

547 5587 760 5655 merear
791 5595 973 5652 videre
1013 5594 1267 5668 dilectum
1318 5600 1375 5646 et
1420 5587 1835 5668 pulcherrimum
1887 5598 2142 5668 sponsum

548 5654 727 5727 meum
753 5669 920 5724 Deum
945 5677 1002 5724 et
1025 5665 1308 5722 Dominum
1337 5654 1537 5725 meum,
1561 5666 1618 5714 ut
1645 5657 1716 5712 ibi
1742 5655 1927 5712 videns
1947 5654 2143 5726 glorio-

616 5829 630 5857 ι
660 5825 802 5884 Alias,
826 5827 1163 5884 transemitem.

615 5888 690 5949 (a)
721 5878 891 5934 Ex'lib.
911 5885 975 5932 de
997 5883 1218 5944 Speculo,
1242 5893 1346 5941 Cap.
1373 5878 1450 5927 33.

2043 349 2408 406 APPENDIX.
3658 374 3722 432 93,3

2280 478 2477 543 sumet
2510 467 2876 543 admirabilem
2915 476 2970 524 et
3010 468 3400 543 pulcherrimam
3435 475 3584 533 faciem
3617 492 3713 543 tuam

2277 541 2420 627 omni
2447 539 2727 627 dulcedine
2763 540 2995 627 plenam,
3012 534 3143 596 'cum
3173 541 3252 599 his
3273 559 3396 627 quos
3420 547 3599 619 elegisti,
3621 534 3728 627 ὦᾖῖ

2276 620 2644 684 ειθιοηιαιιιαιη
2675 611 2897 684 supplex
2923 610 3162 684 adorem,
3193 623 3245 669 et
3273 610 3369 669 illic
3395 610 3568 674 tandem
3589 610 3727 684 ’ωιὲέιί

2275 690 2331 754 ei
2361 682 2614 738 ineffabili
2655 683 2890 752 repletus
2914 682 3083 754 jubilo
3107 693 3309 740 aeternae
3333 691 3658 754 exsultationis.
3676 682 3729 754 ετξ

2275 753 2504 833 clamem
2532 769 2661 833 cum.
2682 739 3024 833 diligentibus
3053 760 3127 821 te,
3152 739 3361 833 dicens}

2275 825 2454 902 cupivi
2475 825 2584 902 jam
2614 823 2797 902 video,
2821 823 2969 902 quod
2989 828 3192 902 speravi
3216 827 3319 897 jam
3344 837 3503 902 teneo,
3523 823 3630 902 quod
3647 823 3781 902 dest]

2275 894 2458 950 deravi
2498 897 2608 966 jam
2656 894 2868 950 habeo:
2894 895 2971 950 Illi
3014 895 3122 965 jam
3167 894 3231 952 in'
3261 900 3399 954 cmlis
3437 894 3610 967 junctus
3640 894 3781 967 sunt!

2274 982 2431 1035 quem
2464 967 2516 1020 in
2548 967 2702 1021 terris
2730 967 3074 1036 positusitota
3101 968 3293 1025 virtute
3315 970 3491 1036 dilexi,
3519 984 3603 1028 tota
3623 980 3723 1036 chari-
3747 967 3781 1036 Ι

2275 1044 2397 1122 fate.
2427 1039 2705 1122 amplexus
2734 1035 2890 1122 sum.
2925 1035 3023 1122 Cui
3068 1046 3177 1094 toto
3214 1055 3385 1122 amore
3423 1035 3602 1110 inhtesi,
3630 1035 3727 1118 ἱρςυέι

2275 1106 2456 1187 iaudo,
2486 1109 2746 1187 benedicc
2770 1119 2928 1180 atque
2954 1107 3144 1187 adoro,
3168 1112 3255 1181 qui
3281 1111 3399 1166 vivit
3422 1123 3470 1168 et
3494 1106 3729 1187 regnat'lleus

2274 1179 2329 1233 in
2356 1180 2547 1234 saecula
2577 1180 2913 1234 saeculorum.
2940 1181 3128 1234 Amen.

2346 1250 2568 1330 CAPUﬁT
2625 1249 2907 1330 ὶςχχνιμ.
2953 1249 3189 1330 Precatio
3241 1253 3296 1330 in
3321 1254 3570 1325 aﬂlictione.
3597 1259 3643 1330 (α)
3671 1263 3728 1316 sti.

2273 1335 2474 1390 serere,
2508 1323 2752 1388 Domine,
2782 1323 3060 1387 miserere,
3095 1324 3196 1392 pie,
3231 1323 3470 1381 miserere
3493 1323 3728 1388 milii'niiser-

2272 1393 2412 1468 rimo
2464 1393 2991 1468 peccatori‘indigna
3031 1394 3245 1468 agenti,
3293 1403 3347 1450 et
3389 1397 3528 1468 digna
3571 1393 3785 1468 patienti;l

2273 1463 2486 1536 assidue
2526 1464 2786 1536 peccacnti,
2827 1462 3009 1536 et'tua
3051 1462 3257 1536 ﬂagella
3285 1462 3500 1536 quotidie
3533 1462 3722 1529 sustineri

2272 1533 2326 1614 §i
2357 1535 2371 1565 ¹
2403 1533 2791 1614 pensomalum
2818 1535 2958 1614 quod
2987 1534 3107 1601 feci,
3130 1533 3240 1614 non
3267 1533 3347 1614 est
3373 1546 3549 1614 tantum
3569 1544 3727 1614 quodiis

2275 1606 2412 1684 t_ior;
2439 1607 2652 1684 gravius
2682 1617 2764 1684 est
2793 1606 2932 1677 quod
2975 1607 3450 1684 commisi,__le_vius
3474 1606 3594 1680 quod
3620 1606 3787 1684 tote-ro],

2271 1674 2460 1757 iustus
2479 1693 2558 1741 es,
2585 1674 2842 1757 Domine;
2871 1686 2925 1731 et
2952 1685 3156 1732 rectmn
3183 1677 3431 1757 judicium
3461 1674 3579 1736 tuum
3599 1702 3609 1736 :
3628 1688 3731 1739 omnii

2265 1746 2461 1819 iudicia
2495 1759 2580 1802 tua
2615 1747 2758 1817 justa
2786 1757 2842 1802 et
2876 1763 2999 1803 vera
3037 1746 3388 1804 suntJustus
3413 1759 3460 1804 et
3485 1763 3736 1819 rectusestu,

2272 1817 2498 1891 Domine
2529 1820 2666 1891 Deus
2697 1829 2898 1882 noster,
2927 1831 2982 1873 et
3010 1828 3237 1891 nonest
3276 1819 3374 1874 ulla
3413 1821 3615 1891 iniquitas
3639 1826 3673 1878 in
3693 1817 3787 1891 te].

2270 1888 2385 1943 Non
2417 1892 2559 1944 enim
2588 1889 2784 1967 injuste
2815 1905 2990 1967 neque
3015 1890 3304 1967 crudelit_er
3331 1888 3789 1967 affligis'lnospecca-l‘,

2270 1968 2433 2023 tores,
2457 1960 2794 2030 omnipotens
2817 1970 2873 2015 et
2896 1962 3200 2036 misericors
3229 1960 3480 2018 Domine:
3510 1963 3567 2036 (ὁ)
3589 1960 3647 2036 qui
3662 1984 3736 2020 cum

2269 2046 2376 2106 non
2415 2048 2677 2106 essemus,
2727 2041 2975 2100 potenter
3023 2030 3196 2106 fecisti
3247 2048 3364 2106 nos,
3402 2044 3453 2089 et
3487 2030 3774 2106 cum'penlitii

2270 2102 2558 2173 fuissemus
2585 2099 2743 2172 culpa
2767 2113 2968 2167 nostra,
2999 2104 3198 2173 pietate
3233 2111 3287 2158 et
3319 2103 3533 2160 bonitate
3555 2099 3734 2162 tua'min-
3761 2099 3789 2173 ξ.

2267 2172 2447 2248 biliter
2491 2175 2816 2244 recuperasti
2866 2189 2962 2228 nos
2989 2172 3186 2248 ‘.__Scio
3231 2183 3284 2248 et
3326 2185 3491 2231 certus
3527 2191 3627 2242 sum,
3647 2172 3789 2248 quod].

2267 2243 2376 2299 vita
2416 2256 2598 2300 nostra
2622 2240 2742 2299 'non
2789 2245 3085 2300 temerariis
3128 2245 3361 2300 motibus
3400 2248 3559 2314 agitur,
3578 2240 3642 2303 sed
3660 2240 3791 2314 'atell

2270 2314 2496 2371 Domino
2518 2317 2630 2372 Deo
2651 2316 2950 2386 disponitur
2976 2326 3030 2370 et
3053 2316 3410 2386 gubernatur.
3435 2317 3558 2374 Unde
3575 2321 3642 2374 tibi
3659 2337 3741 2374 cura
3755 2314 3791 2386 ί

2266 2396 2349 2441 est
2383 2386 2452 2442 de
2489 2388 2756 2454 omnibus,
2788 2387 3154 2460 pracipuede
3193 2388 3364 2460 servis
3407 2391 3517 2460 tuis,
3545 2391 3608 2460 qui
3635 2386 3791 2460 tonui;

2267 2472 2416 2582 sgem
2435 2473 2586 2513 suam
2607 2468 2898 2529 posuerunt
2924 2456 2973 2512 in
3003 2459 3114 2512 sola
3139 2458 3493 2514 misericordia
3513 2456 3595 2514 tua.
3612 2461 3740 2516 idcirco

2267 2543 2299 2582 0
2339 2544 2491 2582 secro
2516 2538 2571 2582 et
2593 2529 2902 2582 sunnliciter
2928 2545 3075 2582 roao.
3099 2540 3158 2582 ut
3189 2546 3294 2582 non
3327 2529 3478 2582 facias
3498 2532 3598 2582 mihi
3618 2547 3739 2582 secun-

2266 2529 2491 2600 obsecro
2516 2538 2571 2584 et
2593 2529 2902 2600 suppliciter
2928 2545 3075 2599 rogo,
3099 2540 3158 2582 ut
3189 2546 3294 2583 non
3327 2529 3478 2585 facias
3498 2532 3598 2585 mihi
3618 2547 3739 2586 secun-

2265 2598 2393 2654 dum
2426 2610 2639 2671 peccata
2663 2597 2821 2666 Vnica,
2853 2597 3045 2671 quibus
3073 2600 3209 2654 iram
3244 2611 3382 2654 tuam
3413 2597 3793 2671 meministis-{1

2264 2670 2496 2743 cundum
2541 2687 2785 2743 magnam
2830 2670 3254 2743 misericordiam
3296 2682 3454 2736 tuam,
3479 2689 3576 2743 qua:
3605 2683 3741 2742 superat
3759 2670 3793 2743 ι

2265 2741 2423 2814 etiam
2449 2741 2665 2812 peccata
2693 2741 2854 2814 totius
2882 2741 3084 2796 mundi.
3110 2743 3213 2807 Tu,
3242 2742 3474 2802 Domine.
3494 2741 3571 2814 qui
3591 2741 3742 2798 exterius

2264 2811 2472 2884 ﬂagella
2500 2815 2724 2884 irrogas,
2749 2811 2814 2866 da
2839 2828 3052 2882 semper
3083 2813 3311 2868 interius
3347 2811 3666 2870 indeliéienteut
3684 2831 3740 2883 ρε-
3763 2811 3795 2884 ί..

2264 2883 2504 2938 tientiam
2537 2904 2550 2940 :
2581 2883 2650 2940 ita
2699 2892 2756 2938 ut
2803 2885 2916 2937 laus
2960 2895 3043 2938 tua
3088 2900 3198 2939 non
3240 2885 3448 2940 recedat
3483 2901 3540 2940 ex
3569 2902 3633 2940 ore
3649 2901 3734 2939 meo.
3773 2883 3795 2940 i‘

2261 2953 2512 3026 Miserere
2550 2957 2691 3020 mei,
2731 2955 2974 3026 Domine,
3012 2956 3274 3010 miserere
3304 2959 3437 3022 mei,
3467 2966 3516 3011 et
3539 2955 3736 3026 adjunme
3773 2953 3795 3026 ξι

2262 3025 2401 3081 sicut
2449 3035 2506 3082 tu
2558 3027 2698 3081 nosti
2751 3025 2895 3095 quod
2949 3025 3077 3080 mihi
3135 3042 3360 3082 necesse
3405 3038 3480 3083 est
3524 3029 3564 3081 in
3594 3025 3740 3096 torpore
3771 3025 3795 3096 ῖς

2262 3106 2316 3153 et
2363 3098 2420 3224 inl
2457 3098 2633 3152 anima
2669 3115 2681 3151 :
2714 3097 2818 3152 scis
2857 3099 3067 3164 omnia,
3101 3107 3261 3168 potes
3289 3100 3490 3165 omnia,
3514 3095 3692 3170 quintis
3710 3098 3741 3148 in

2262 3184 2402 3224 saecu
2425 3185 2473 3223 a.

2260 3184 2473 3224 SiﬂCUIa.

2333 3239 2559 3297 CAPUT
2599 3238 2843 3295 XXXIX.
2872 3271 2946 3280 —
2975 3238 3218 3296 Precatio
3262 3242 3331 3295 ad
3373 3241 3524 3296 Deum
3561 3240 3675 3292 mixta
3705 3239 3742 3288 ti-
3767 3238 3797 3297 ll

2262 3327 2400 3382 more
2437 3322 2482 3367 et
2530 3312 2749 3382 ﬁducia.
2778 3310 3038 3382 Confessio
3088 3312 3432 3378 iniquitalum.
3472 3311 3677 3366 Commio

2261 3379 2473 3437 Patrem
2502 3379 2634 3436 unde
2663 3379 2938 3454 indulgeat.
2959 3381 3196 3454 Humilis
3223 3401 3253 3436 a
3283 3383 3416 3438 Filio
3443 3383 3575 3454 venia
3594 3380 3743 3454 postulr-

2262 3455 2351 3509 tio.
2395 3454 2591 3508 Judicii
2640 3450 2839 3508 horrui.
2884 3451 2966 3506 Ad
3012 3454 3415 3508 nu'sericordiam
3456 3453 3540 3506 Dei
3578 3450 3743 3519 confugit.

2259 3524 2385 3580 Jesu
2432 3542 2613 3579 nomen
2659 3525 2900 3594 ﬁduciam
2945 3524 3151 3593 prabet.
3193 3525 3419 3580 Domine
3450 3523 3559 3580 Jesu
3591 3521 3745 3578 Christe.

2259 3595 2361 3651 Fili
2401 3596 2492 3651 Dei
2522 3596 2645 3661 vivi,
2679 3596 2767 3666 qui
2800 3597 3050 3665 expansis
3078 3596 3129 3649 in
3165 3613 3325 3652 cruce
3360 3596 3578 3652 manibus
3606 3603 3747 3666 propter

2260 3668 2561 3721 mortalium
2607 3665 2843 3722 omnium
2895 3666 3322 3736 redemptionem
3371 3666 3572 3722 liausisu
3605 3665 3743 3719 calicem

2260 3738 2520 3808 passionis
2539 3779 2554 3802 ,
2587 3738 2718 3792 mihi
2749 3737 2916 3810 hodie
2933 3737 3174 3810 praebere
3199 3737 3428 3810 digneris
3455 3736 3666 3810 auxilium.

2323 3814 2391 3879 (ε)
2415 3811 2552 3882 Ecce
2581 3804 2956 3882 paupervenio
2980 3809 3046 3863 ad
3074 3819 3124 3864 te
3147 3804 3388 3878 diviiem,
3409 3809 3555 3864 miser
3576 3806 3626 3882 ad
3644 3804 3744 3882 nise

2259 3878 2545 3947 riCordetn,
2567 3878 2634 3936 ne
2652 3878 2894 3935 recedam
2911 3895 3110 3935 vacuus
3123 3882 3211 3937 vel
3229 3878 3746 3950 contemptuslisurieus

2257 3952 2455 4022 incipio
2485 3962 2533 4006 te
2554 3966 2811 4023 quaerere,
2838 3966 2906 4023 ne
2926 3951 3144 4006 deserar
3167 3967 3198 4006 a
3229 3962 3278 4008 te
3298 3947 3533 4023 jejunus;
3554 3947 3743 4003 fameliuts

2256 4023 2474 4090 accedo,
2507 4039 2575 4078 ne
2605 4022 2850 4078 recedam
2882 4022 3160 4092 impastus.
3187 4023 3258 4078 Et
3285 4022 3330 4078 si
3357 4022 3621 4092 antequam
3657 4029 3748 4092 conio

2257 4095 2412 4149 edam
2457 4083 2688 4165 suspiro,
2715 4093 2780 4147 da
2825 4093 2909 4165 vel
2951 4083 3067 4162 post
3109 4095 3341 4165 suspiria
3369 4105 3424 4149 ut
3461 4083 3748 4165 comedent-la

2256 4165 2478 4235 primis,
2523 4161 2829 4220 dulcissime
2876 4161 3022 4235 Jesu,
3071 4161 3257 4220 coram
3308 4161 3653 4235 magniﬁcentia
3685 4163 3786 4235 tua;

2256 4234 2532 4292 Suavitatis
2565 4236 2824 4291 confiteor
2858 4234 3140 4290 adversum
3172 4252 3261 4292 me
3301 4234 3584 4306 iniustitiam
3615 4241 3747 4306 meatu.

2256 4307 2418 4374 Ecce,
2449 4307 2691 4374 Domine,
2722 4307 2775 4360 in
2808 4306 3038 4376 peccatis
3067 4307 3141 4360 fui
3170 4304 3455 4376 conceptus
3486 4315 3533 4361 et
3565 4310 3696 4364 natus,
3715 4304 3750 4350 et

2254 4389 2311 4433 tu
2342 4395 2427 4432 me
2464 4379 2676 4434 abluisti
2706 4385 2763 4432 et
2787 4378 3128 4448 sanctificasti
3149 4421 3164 4441 ,
3195 4389 3250 4434 et
3275 4394 3372 4448 ego
3400 4387 3563 4447 postea
3587 4387 3654 4427 me
3675 4383 3748 4446 mi-

2248 4449 2456 4522 joribus
2483 4449 2749 4522 sordidavi
2779 4449 3029 4518 peccatis.
3047 4446 3129 4522 7(a)
3152 4449 3199 4522 F_
3200 4451 3250 4504 ui
3281 4446 3418 4504 enim
3448 4449 3496 4502 in
3518 4449 3749 4522 necessariis

2254 4509 2432 4587 italus,
2472 4530 2654 4590 postea
2695 4521 2746 4574 in
2779 4509 3088 4589 spontaneis
3111 4509 3418 4585 'volutatus;
3447 4517 3532 4574 sed
3558 4509 3746 4590 tuem-

2253 4582 2932 4660 mine,miserationis-non
2963 4591 3265 4658 immemor,
3293 4582 3446 4645 tulisii
3475 4603 3551 4642 me
3575 4587 3628 4641 de
3643 4582 3748 4660 doma

2253 4654 2419 4736 patris
2446 4665 2549 4719 mei
2579 4663 2830 4736 carnalis,
2853 4672 2908 4716 et
2931 4662 2998 4716 de
3029 4654 3382 4717 tabernaculis
3411 4654 3748 4736 peccatorumﬁl

2252 4731 2520 4806 inspirasti
2551 4733 2680 4788 mihi
2713 4743 2770 4788 ut
2799 4749 3050 4806 sequerer
3091 4745 3141 4788 te
3167 4750 3292 4788 cum
3318 4731 3625 4806 generatione
3651 4735 3746 4806 qu:-

2251 4803 2483 4863 reiitium
2512 4807 2698 4860 faciem
2725 4803 2912 4877 tuam,
2933 4803 3566 4877 ambulantiumsemitam
3592 4804 3743 4877 rectam.

2251 4877 2694 4935 commorantium
2723 4876 2860 4930 inter
2884 4866 2989 4929 lilia
3019 4876 3310 4939 castitatis;
3335 4883 3388 4930 et
3412 4882 3566 4928 tecum
3583 4866 3745 4923 discum-

2252 4950 2489 5005 bentium
2532 4949 2584 5002 in
2627 4947 2904 5004 caenaculo
2947 4946 3222 5000 altissima:
3264 4941 3745 5016 paupertatis:elt‘%2

2253 4999 3022 5093 :Jt'mgaa.,.~fmiagt-stus;
3048 4999 3455 5093 postergum
3481 4999 3745 5093 ingresfum:

2252 5093 2418 5148 multa
2456 5091 2699 5146 commisi
2742 5078 2942 5154 illicita,
2972 5078 3135 5143 multa
3168 5078 3456 5159 perpotravi
3485 5078 3693 5159 tteiaud'ali
3711 5079 3746 5159 fl

2252 5141 3360 5232 inscita-taveniendareidebui,vpeccata
3374 5154 3583 5232 peccatis

2251 5222 2384 5292 Haec
2403 5245 2526 5289 sunt
2556 5233 2693 5287 mala
2723 5247 2866 5300 mea,
2895 5222 3150 5299 Domine;
3165 5230 3356 5300 quibus
3374 5222 3664 5300 'exbonorayi
3695 5222 3743 5300 ίετ

2250 5289 2316 5364 et
2333 5289 2591 5363 maculavi
2622 5320 2731 5372 me,
2763 5289 2922 5376 quem
2949 5301 3017 5358 ad
3049 5289 3330 5374 imaginem
3356 5309 3407 5357 et
3429 5289 3743 5354 similitudinem

3739 95 3786 1798 i

3785 1654 3787 1684 Α

3785 1721 3787 1757 Ι

3751 1798 3788 2722 ἱ

2317 5493 2334 5524 ί
2359 5497 2442 5540 Ms.
2467 5493 2619 5546 Mett.,
2639 5485 2744 5538 sed.

2312 5553 2333 5585 ⁸
2355 5551 2496 5610 Alias,
2520 5547 2758 5612 reparasti
2777 5560 2879 5599 nos.
3275 5611 3279 5612 ί
3390 5611 3397 5612 ί
3475 5597 3503 5612 ι,

2313 5617 2335 5648 ³
2357 5616 2429 5664 sic
2446 5605 2546 5662 Ain.
2572 5605 2645 5660 At.
2669 5617 2742 5660 Er.
2771 5618 2823 5661 et
2842 5617 2974 5670 Lov.,
2992 5615 3098 5672 post
3117 5611 3361 5672 acceptum
3377 5605 3638 5668 septimm-

2335 5677 2387 5728 α)
2422 5676 2612 5726 Joannis
2628 5676 2858 5723 Fiscamn.
2881 5670 3008 5722 Orat.
3028 5670 3078 5720 8.

2335 5732 2385 5806 ὑ)
2420 5745 2483 5788 Ex
2512 5738 2722 5806 Confess.
2949 5747 3001 5806 p.
3025 5732 3076 5795 4,
3099 5746 3147 5782 ιι.
3165 5732 3250 5806 ⁸11.

2337 5794 2384 5860 ε)
2421 5807 2486 5849 Ex
2509 5798 2722 5860 Anselm,
2751 5794 3015 5860 Proslogl'o,
3028 5794 3132 5860 cap.
3161 5794 3207 5845 1.

2341 5858 2394 5926 (ί)
2430 5871 2493 5913 tta
2521 5864 2568 5911 in
2587 5858 2794 5911 Anselmi
2815 5858 2942 5909 Orat.
2961 5858 3039 5908 62.
