3834 6276
70 339 165 397 957

71 466 210 510 tuam
235 451 423 527 creasti
450 450 601 527 (Gen.
624 449 798 527 1,27),
825 452 1092 521 superbia,
1116 467 1249 527 vana
1270 454 1458 527 gloria,
1489 454 1563 527 (a)
1590 465 1645 512 et

73 535 258 581 cetera
274 524 434 579 multa
449 522 575 595 alia,
590 523 781 595 quibus
791 530 1014 578 vexatur
1025 533 1079 579 et
1094 522 1365 595 afﬂigitur,
1382 522 1645 582 laceratur

71 606 123 652 et
158 595 446 651 destruitur
483 593 667 649 infelix
696 594 872 648 anima
901 609 1037 648 mea.
1072 593 1229 662 Ecce,
1264 595 1506 661 Domine,
1537 598 1640 652 ini-

73 668 291 739 quitates
315 680 447 720 mea:
473 678 832 735 supergressze
859 674 985 719 sunt
1011 673 1173 739 capiti
1197 680 1393 739 meum,
1423 677 1479 722 et
1505 668 1643 724 sicut

73 734 200 792 onus
227 752 383 804 grave
407 734 788 806 gravatcesunt
814 750 975 803 super
990 734 1087 808 me
1109 734 1278 807 (Psal.
1300 753 1535 805 xxxvm,
1558 738 1638 808 5);

71 818 127 865 et
162 808 259 863 nisi
299 817 374 874 tu,
404 808 488 861 cui
518 809 790 878 proprium
820 815 912 878 est
928 806 1171 861 misereri
1197 821 1409 878 semper
1432 818 1488 863 et
1512 806 1641 878 par«

73 896 213 945 cere,
233 879 501 951 dexteram
526 877 947 951 tuae‘majestatis
972 891 1258 948 supponas,
1286 879 1456 948 mergi
1479 877 1642 951 cngor

70 949 432 1005 miserabiliter
456 949 507 1002 in
538 946 875 1016 profundum.

142 1020 379 1085 Attende,
411 1019 632 1073 Domine
661 1019 821 1082 Deus,
849 1027 902 1073 et
933 1017 1074 1083 vide,
1104 1018 1353 1088 quoniam
1385 1027 1637 1076 sanctus:

72 1101 127 1145 et
154 1106 268 1147 ecce
297 1090 513 1145 insultat
536 1088 816 1144 adversum
845 1104 932 1144 me
960 1089 1202 1145 inimicus
1233 1105 1403 1153 meus,
1428 1090 1636 1159 dicens,

73 1162 209 1217 Deus
249 1161 527 1230 dereliquit
570 1175 714 1225 eum,
760 1174 1048 1230 persequar
1093 1170 1146 1213 et
1192 1159 1639 1227 comprehendam

70 1249 207 1297 eum,
225 1232 343 1302 quia
372 1228 478 1286 non
507 1239 589 1286 est
612 1231 703 1301 qui
731 1228 920 1302 eripiat
935 1228 967 1300 ⁷(
989 1228 1134 1283 Psal.
1161 1246 1284 1302 Lxx,
1311 1232 1369 1285 ll
1396 1230 1434 1301 ).
1467 1231 1534 1286 Et
1559 1241 1638 1300 tu,

73 1300 282 1363 Domine
306 1344 321 1366 ,
373 1300 686 1372 usquequt)?
734 1300 1056 1356 Convertere
1096 1311 1159 1372 et
1204 1301 1355 1372 eripe
1404 1302 1637 1359 animam

72 1389 252 1437 meam,
291 1370 494 1427 salvum
534 1386 621 1427 me
662 1372 753 1441 fac,
777 1380 994 1441 propter
1033 1370 1451 1426 misericordiam
1493 1382 1637 1428 tuam

100 1445 227 1499 Prol.
252 1460 326 1511 vI,
350 1444 427 1510 5).
449 1442 700 1498 Miserere
732 1440 841 1496 ﬁlio
868 1451 979 1507 tuo,
1002 1456 1159 1511 quem
1191 1440 1374 1497 dolore
1394 1458 1503 1497 non
1523 1458 1638 1497 mo-

109 1517 181 1574 ico
220 1515 511 1585 peperisti:
540 1521 596 1569 et
636 1513 743 1568 noli
785 1512 1059 1585 attendere
1098 1512 1293 1566 malum
1340 1529 1536 1585 meum,
1582 1524 1638 1569 ut

73 1583 386 1643 obliviscaris
427 1585 625 1640 bonum
671 1593 839 1639 tuum.
863 1583 996 1652 Quis
1033 1592 1116 1637 est
1156 1590 1324 1651 pater,
1350 1584 1441 1651 qui
1473 1585 1635 1638 lilium

72 1673 163 1711 non
203 1656 429 1712 liberet?
455 1657 557 1709 Aut
583 1654 703 1724 quis
732 1653 900 1718 ﬁlius,
931 1668 1087 1724 quem
1118 1662 1267 1720 pater
1295 1653 1505 1724 pietatis
1547 1654 1638 1708 ba-

69 1729 174 1783 culo
200 1742 310 1783 non
338 1723 628 1796 corripiat?
653 1725 815 1796 Ergo,
840 1725 997 1779 Pater
1022 1733 1075 1778 et
1100 1724 1342 1796 Domine,
1365 1723 1489 1779 licet
1506 1740 1637 1796 pec-

69 1808 199 1853 cator
228 1798 353 1861 sim,
393 1793 499 1852 non
538 1793 754 1864 possum
795 1810 901 1849 non
941 1809 1062 1849 esse
1090 1793 1231 1849 ﬁlius
1261 1803 1399 1857 tuus,
1428 1793 1550 1864 quia
1580 1804 1636 1851 tu

69 1812 199 1853 catur
228 1814 353 1861 sum,
393 1812 499 1852 non
575 1812 754 1850 ossam
795 1812 901 1849 non
941 1812 1062 1849 esse
1090 1812 1231 1849 unus
1261 1812 1399 1857 tuus,
1428 1812 1550 1864 quia
1580 1812 1636 1851 tu

66 1884 140 1946 me
179 1868 433 1946 fe_cisti__et
461 1812 891 1946 refgcisti._Sicut
914 1865 1157 1946 peccavi,
1184 1864 1414 1946 emenda
1447 1881 1554 1946 me,
1583 1874 1638 1921 et

66 1941 196 2009 prius
213 1939 424 2009 ﬂagello
438 1954 526 1993 me
540 1936 880 1992 emendatum
907 1935 1055 2009 trade
1079 1950 1166 1991 me
1184 1935 1320 1990 Filio
1342 1946 1451 2009 tuo.
1474 1935 1637 2009 Num-

66 2004 172 2079 quid
221 2004 688 2079 oblivisciipotest
725 2016 896 2079 mater
925 2004 1193 2079 infantem
1242 2007 1376 2079 uieri
1404 2007 1535 2079 sui?
1572 2007 1637 2062 Et

63 2076 194 2137 certe
222 2081 268 2136 si
295 2081 383 2135 illa
413 2076 576 2135 oblita
608 2077 785 2146 fuerit,
819 2086 896 2142 tu,
924 2076 1101 2143 Pater,
1129 2076 1418 2146 promisisti
1449 2085 1501 2143 te
1530 2093 1635 2132 non

63 2151 292 2206 oblivisci
320 2149 471 2222 (Isai.
503 2165 644 2222 χιιι,
674 2146 787 2219 15).
814 2147 955 2203 Ecce
981 2148 1177 2222 clamo,
1206 2156 1259 2202 et
1284 2162 1402 2222 non
1417 2147 1636 2222 exaudis

64 2238 138 2277 me
156 2239 172 2287 ;
194 2216 385 2277 dolore
406 2221 636 2286 crucior,
659 2228 713 2275 et
733 2216 839 2274 non
858 2218 1154 2273 consolaris
1177 2233 1283 2272 me.
1305 2216 1443 2285 Quid
1463 2218 1635 2272 dicam

64 2293 134 2347 vel
178 2292 308 2364 quid
358 2292 544 2364 faciam
587 2288 961 2364 miserrimus?
999 2288 1111 2364 Ego
1163 2297 1307 2343 tanto
1353 2288 1637 2364 destitutus

64 2357 261 2428 solatio,
287 2363 553 2433 projectus
577 2377 695 2433 sum
716 2375 746 2415 a
766 2358 903 2415 facie
921 2357 1195 2433 oculorum
1223 2367 1435 2414 tuorum
1460 2357 1632 2433 (Paul.

65 2450 171 2497 xxx,
196 2429 321 2505 23)}
346 2429 461 2489 Heu
478 2434 596 2505 mei
620 2431 687 2505 de
710 2438 906 2502 quanto
929 2429 1069 2485 bono
1086 2430 1139 2505 in
1161 2439 1415 2505 quantum
1435 2429 1634 2505 malum

67 2498 423 2574 cecidil'Quo
476 2498 778 2567 tendebam,
823 2509 878 2556 et
918 2515 1025 2574 quo
1065 2498 1304 2574 deveni?
1346 2498 1448 2574 libi
1493 2514 1633 2574 sum,

70 2586 107 2631 et
132 2576 224 2633 ubi
254 2570 364 2631 non
391 2575 544 2631 sum?
565 2573 644 2628 Ad
671 2587 827 2642 quem
849 2570 1100 2640 aspiravi,
1127 2577 1182 2642 et
1204 2584 1345 2642 nunc
1362 2570 1421 2642 i_n
1444 2572 1636 2642 quibus

68 2649 299 2719 διωρίτοῖ
340 2644 574 2721 Quaesivi
623 2639 783 2707 bona,
814 2650 870 2698 et
909 2639 1037 2696 ecce
1069 2640 1332 2721 iurbatio.
1360 2639 1500 2721 Ecce
1523 2640 1634 2721 jam

69 2710 272 2781 morior,
298 2710 532 2773 et'Jesus
561 2729 668 2769 non
702 2722 785 2768 est
813 2727 1041 2767 mecum.
1067 2711 1135 2765 Et
1162 2720 1310 2781 certe
1335 2710 1527 2765 melius
1555 2719 1638 2766 est

68 2791 178 2844 mihi
210 2780 320 2844 non
348 2802 488 2852 esse,
521 2801 677 2855 quam
706 2784 821 2838 sine
846 2782 974 2838 Jesu
1000 2796 1154 2848 esse;
1183 2780 1372 2836 melius
1408 2788 1491 2836 est
1527 2796 1633 2837 non

68 2862 249 2926 vivere,
279 2874 439 2933 quiem
465 2854 646 2933 vivere
670 2855 787 2911 sine
811 2854 940 2933 vita.
1044 2931 1051 2933 _
1156 2922 1168 2933 _
1265 2922 1277 2933 _
1397 2920 1431 2933 ﬂ

123 2933 187 2987 Et
225 2921 311 2996 tu,
344 2928 567 2984 Domine
607 2926 754 2992 Jesu,
790 2924 905 2996 ubi
935 2931 1059 2996 sunt
1099 2921 1482 2996 misericordiae
1532 2930 1637 2996 tua;

68 2992 480 3083 .antiquae'(Psal.
505 3012 755 3057 Lxxxvm.
784 2993 912 3119 50.}?
938 2992 1200 3064 Numquid
1230 2994 1477 3048 irasceris
1503 2993 1634 3076 mihi

69 3089 109 3119 m
138 3073 296 3119 ﬁnem
326 3068 497 3119 (Paul.
525 3082 745 3119 LXXXIV.
775 3064 839 3119 6i
900 3064 1146 3119 Placere.
1177 3063 1421 3119 obsecro.
1454 3070 1509 3117 et
1538 3079 1634 3117 mi-

69 3072 110 3127 in
138 3063 296 3128 ﬁnem
318 3063 497 3142 ’(Ρεαι.
524 3082 745 3134 LXXXIV,
775 3063 875 3136 6)?
894 3063 1146 3142 Placere,
1177 3063 1421 3127 obsecro,
1454 3064 1636 3142 etnmi-

71 3158 230 3199 serere
257 3131 387 3206 mei,
415 3149 469 3196 et
494 3154 601 3195 non
638 3131 850 3192 avertas
891 3134 1075 3206 faciem
1119 3142 1263 3188 tuam
1288 3148 1332 3206 ai
1347 3148 1432 3188 me
1454 3131 1633 3206 ⁸(Ρραι.

72 3229 200 3279 xxvi,
225 3214 308 3282 9),
336 3203 426 3283 qui
453 3225 548 3280 pro
572 3223 659 3283 me
686 3204 998 3262 redimendo
1025 3219 1140 3283 non
1165 3204 1405 3283 avertisti
1434 3203 1635 3283 [scisam

71 3272 198 3339 tuam
220 3272 714 3351 ab'incre'pantibus
737 3286 793 3333 et
813 3274 1225 3351 conspuentibus
1254 3275 1307 3327 in
1330 3282 1402 3328 te.
1427 3272 1511 3351 (b)_
1526 3273 1632 3330 Fa-

69 3364 167 3410 teor
195 3356 320 3426 quia
348 3342 583 3426 peccavi,
614 3358 668 3405 et
694 3342 1019 3426 conscientia
1050 3359 1178 3426 inea
1222 3342 1456 3426 meretur
1479 3342 1635 3399 dam-

68 3414 421 3491 nationemfet
439 3419 747 3493 poenitentia
770 3432 875 3493 non
895 3415 1176 3493 sufﬁcitad
1184 3414 1598 3493 satisfactionem
1616 3431 1633 3471 :

66 3496 147 3550 sed
191 3485 457 3554 creditum
500 3502 584 3549 est
620 3492 638 3523 ί
679 3488 823 3555 quod
870 3485 1231 3544 misericordia
1286 3494 1376 3540 tua
1423 3493 1640 3555 superat

67 3505 147 3550 sed
191 3505 455 3554 creditum
500 3505 584 3549 est
621 3505 638 3523 ³
716 3505 823 3544 non
870 3505 1231 3544 misericordia
1286 3505 1376 3540 tua
1423 3505 1633 3555 superat

67 3582 265 3622 omnem
310 3505 846 3624 oﬁensionem.qNoli,
882 3572 1084 3628 quaeso,
1124 3555 1363 3628 piissime
1386 3555 1633 3628 Domine,

64 3638 293 3694 scribere
320 3636 603 3691 adversum
632 3647 719 3686 me
746 3624 1145 3684 amaritudines‘
1157 3640 1306 3682 meas
1333 3624 1493 3694 (Job.
1519 3641 1634 3694 xm,

64 3706 171 3780 26),
196 3709 449 3780 utiintres
476 3706 530 3780 in
555 3701 814 3780 judicium
839 3714 959 3780 cum
986 3713 1143 3779 servo
1166 3706 1257 3751 tuo
1276 3694 1453 3780 (Psal.
1474 3711 1635 3780 cpxri,

66 3768 275 3850 2)':'sed
305 3768 597 3850 secundum
642 3770 1049 3850 multitudinem
1072 3768 1473 3850 misera-iionuin
1519 3776 1638 3850 tua:

70 3835 174 3903 rum
211 3849 336 3905 dele
378 3847 708 3920 iniquitatem
747 3855 920 3920 meam
1002 3837 1149 3920 Psat.
1179 3838 1361 3920 t.,_'5_).
1389 3835 1485 3920 Yae
1506 3836 1639 3920 mihi

70 3920 255 3976 misero
281 3934 403 3976 cum
426 3907 634 3973 venerit
658 3912 771 3968 dies
792 3907 994 3979 judicii',
1018 3917 1073 3965 et
1095 3909 1266 3979 aperti
1296 3907 1493 3979 fuerint
1517 3907 1640 3961 libri

72 3991 507 4046 conscientiarum
533 4002 549 4052 ;
590 3998 713 4040 cum
750 3977 955 4038 dicetur
981 3980 1049 4052 de
1076 3977 1167 4052 me
1181 4019 1198 4045 ,
1232 3979 1371 4052 Ecce
1399 3977 1561 4032 homo
1586 3985 1642 4032 et

74 4074 221 4128 opera
247 4062 385 4130 ejus.
415 4048 553 4130 Quid
597 4055 786 4130 faciam
834 4062 978 4130 tunc,
1021 4050 1244 4105 Domine
1284 4048 1425 4130 Deus
1466 4062 1637 4115 meus,

76 4118 182 4185 cum
208 4118 332 4188 utili
358 4118 671 4186 revelabunt
696 4122 1028 4193 iniquitatem
1056 4134 1252 4186 meam,
1268 4127 1334 4193 iet
1356 4118 1641 4174 adversum

74 4216 150 4256 me
186 4210 328 4257 terra
366 4195 685 4267 consurget?
716 4188 1015 4267 Ecccinihil
1052 4188 1380 4260 respondere
1416 4196 1642 4267 potero;

72 4272 155 4325 sed
173 4272 407 4328 demisso
422 4258 594 4340 capite
614 4281 724 4340 prae
747 4262 1057 4340 confusione
1081 4258 1263 4340 coram
1286 4258 1515 4340 testabo
1539 4267 1648 4340 tre:

71 4327 224 4407 pidus
253 4351 309 4399 et
330 4327 633 4397 confusus."
654 4336 795 4407 Heu;
810 4348 898 4389 me
938 4332 1226 4407 miserum!
1267 4328 1393 4399 quid
1433 4327 1648 4384 dicam?

72 4401 314 4468 Clamabo
337 4411 405 4467 ad
429 4420 503 4476 te,
527 4406 755 4476 Domine
768 4405 910 4476 Deus
930 4417 1099 4476 meus.
1123 4401 1296 4470 Quare
1318 4408 1650 4476 tacenscon-

82 4482 281 4553 sumor?
305 4470 689 4553 Verumtamen
717 4474 762 4531 si
792 4475 999 4530 locutus
1030 4472 1201 4553 fuero,
1230 4485 1336 4525 non
1361 4470 1650 4553 requiescit

88 4547 219 4608 dolor
260 4568 411 4609 meus
437 4570 452 4605 :
477 4559 534 4607 et
576 4548 623 4604 si
666 4556 899 4611 tacuero,
936 4542 1269 4599 amarissima
1296 4539 1651 4611 amaritudine

89 4625 277 4679 crucior
326 4623 568 4693 interius.
611 4618 829 4693 Plange,
878 4609 1258 4693 anima_mea,_
1309 4612 1448 4666 sicut
1478 4609 1651 4693 Avidus

88 4702 228 4762 super
250 4696 424 4751 virum
467 4681 772 4764 pubertatis
805 4681 907 4741 tuae.
935 4701 951 4737 :
982 4684 1147 4764 ulula,
1189 4682 1405 4764 misera,
1430 4681 1653 4764 ietnplo-

90 4750 169 4829 Tal;
194 4750 444 4837 quoniam
467 4750 687 4818 'dimisit
730 4768 783 4815 te
823 4769 1053 4827 sponsus
1093 4763 1235 4823 tuus,
1274 4752 1326 4809 id
1363 4759 1467 4819 est,
1496 4750 1655 4807 Chri-

90 4839 204 4890 stus.
406 4903 409 4904 ν
728 4901 738 4904 Α
957 4897 970 4904 _
1605 4892 1617 4904 .

152 4906 217 4978 (c)
256 4905 341 4962 lra
379 4901 794 4978 omnipotentis,
837 4914 908 4955 ne
942 4897 1131 4978 irruas
1179 4908 1358 4978 super.
1383 4908 1489 4978 me,
1531 4897 1656 4963 quia

90 4967 338 5045 nunquam
367 4977 486 5045 capi
516 4967 699 5045 posses
724 4972 779 5026 in
804 4985 910 5045 me.
938 4967 1097 5024 Certe
1117 4980 1222 5021 non
1233 4967 1398 5045 estin
1417 4972 1529 5019 toto
1545 4978 1652 5045 me,

89 5032 217 5109 Quod
242 5032 421 5119 posset
439 5032 677 5119 tolerare
704 5052 773 5119 te.
804 5040 1071 5119 L_lise1;ere,
1120 5051 1189 5091 ne
1215 5036 1531 5119 desperem,

87 5104 338 5187 Sperando
364 5117 649 5187 respirem.
697 5111 776 5186 (ά)
804 5111 873 5166 Ει
913 5110 981 5187 si.
1002 5122 1103 5187 ego
1128 5104 1374 5187 commisi
1405 5104 1658 5187 undeime

89 5175 328 5259 Qamnare
370 5175 545 5259 potes,
592 5194 646 5239 tu
684 5175 790 5259 non
831 5175 1060 5236 amisisti
1085 5177 1459 5259 undesalvare
1473 5175 1654 5259 Isole's.

88 5248 187 5325 Tu,
231 5243 470 5325 Domi'ue,
518 5243 626 5329 non
668 5254 1014 5329 visimortem
1062 5255 1399 5329 peccatorum
1443 5243 1655 5329 (Ezech.

92 5320 264 5398 xxiii],
288 5332 347 5386 ll
359 5320 523 5402 ),n'ec
545 5324 743 5383 laetaris
757 5324 812 5379 in
828 5320 1124 5393 perditione
1142 5320 1495 5402 morientium
1515 5332 1530 5402 ξ
1549 5320 1659 5402 imo

97 5405 156 5452 ιιι
172 5395 347 5458 mortui
359 5395 635 5463 'viverent,
657 5404 716 5453 tu
739 5403 979 5451 mortuus
1002 5406 1083 5458 es,
1103 5400 1159 5446 et
1183 5402 1329 5445 mors
1356 5395 1443 5443 tua
1472 5398 1659 5456 pecca-

168 5574 183 5640 t.
206 5575 319 5640 Αριλά
340 5575 630 5640 mutuum.
655 5578 836 5640 cetram
852 5575 939 5622 est.

185 5633 314 5690 al'Ex
337 5638 547 5690 Anselm.
564 5642 695 5686 Orat.
712 5633 761 5682 4.

188 5696 229 5750 bi
260 5700 459 5750 Anselm.
483 5698 645 5747 uenit.
665 5696 713 5745 5.

188 5757 228 5824 c)
255 5769 313 5812 Ex
331 5763 548 5824 ejusdem
568 5758 690 5824 Med:
715 5757 764 5824 2J

264 5831 321 5875 Ex
584 5819 705 5870 Med.
733 5819 783 5868 3.

400 5909 625 5970 SANCT.
657 5907 935 5965 Auensr.
974 5900 1081 5963 VI.

167 5636 187 5886 Ξ

1304 337 1512 399 LlBER
1550 335 2090 402 MEDITATIONUM.

3231 358 3336 419 958

1755 467 1927 513 torum
1946 468 2173 535 mortem
2193 460 2405 535 occidit.
2450 463 2518 518 Et
2555 464 2600 521 si
2638 465 2738 535 ipsi
2778 475 2831 522 te
2870 472 3131 529 moriente
3175 476 3334 533 vixe-

1753 538 1896 605 runt,
1925 530 2168 595 obsecro,
2194 532 2435 605 Domine,
2456 542 2517 605 ιιι
2542 550 2639 605 ego
2661 530 2716 589 te
2739 537 2951 596 vivente
2975 557 3079 596 non
3110 530 3330 602 moriar.

1750 598 1899 671 Mitte
1924 616 2137 655 manum
2164 611 2305 657 tuam
2331 603 2397 659 de
2423 604 2550 670 alto,
2576 598 2630 661 ἐι
2648 606 2810 662 libera
2836 624 2923 665 me
2950 610 3017 665 de
3041 598 3337 671 manuiini;

1749 670 2009 752 micorum
2038 687 2277 727 meorum
2298 690 2402 752 :‘n‘e
2431 677 2855 752 supergaudeant
2891 681 3022 752 mihi
3054 693 3109 738 et
3132 670 3330 752 dicant,

1751 739 2134 824 Devoravimus
2159 758 2281 799 eum
2313 739 2511 824 (Ιξδαιξ
2531 739 2872 824 ιιιξιςινηὲβ).
2914 750 3050 824 Quis
3076 739 3331 824 unquam:

1749 810 2063 904 bone‘Jesu,
2092 813 2160 868 de
2188 825 2274 869 tua
2312 810 2676 904 misericordia
2704 810 3054 904 diliidatlvqui
3081 810 3201 878 cum
3230 810 3335 880 ini;

1748 882 1873 937 mici
1901 882 2568 977 tuiressemueredle'misti
2598 889 2780 977 posin
2821 882 3076 977 sanguine
3125 903 3236 961 tuo,
3280 907 3355 977 et‘

1748 953 2108 1030 reconciiiasti
2128 970 2229 1030 nos
2255 956 2362 1011 Deo
2388 956 2562 1028 (Rom.
2594 975 2665 1030 ν,
2686 958 2795 1030 10).
2822 953 2958 1018 Ecce
2990 965 3088 1019 sub
3114 953 3351 1022 tute'miJ

1746 1023 2265 1104 sericordireumhra
2294 1023 2564 1104 protectus
2603 1023 2671 1084 ad
2715 1023 2962 1104 thronum
3006 1036 3191 1104 gloriae
3238 1054 3335 1092 ve-

1746 1093 1888 1170 niam
1909 1095 2182 1170 postulans
2198 1093 2375 1170 curro,
2404 1098 2640 1170 ciamans
2664 1110 2717 1155 et
2747 1102 2963 1170 pulsans
2988 1093 3159 1161 dvonec
3180 1108 3337 1163 mise-

1745 1164 1914 1218 rearis
1938 1166 2089 1219 mihi.
2121 1164 2177 1222 Si
2215 1168 2359 1223 enim
2388 1167 2454 1223 ad
2489 1170 2694 1225 veniam
2723 1164 2823 1225 nos
2851 1175 3071 1240 vocasti,
3121 1178 3333 1233 veniam

1745 1244 2205 1315 nonquzerenies;
2234 1247 2433 1309 quanto
2474 1241 2642 1312 magis
2682 1241 2890 1297 veniam
2930 1244 3334 1315 impetrabimus

1743 1306 2109 1374 postulantes?

1816 1373 1890 1444 (a)
1932 1376 2011 1432 Ne
2052 1378 2380 1444 memineris,
2429 1380 2735 1455 dulcissime
2776 1382 2923 1450 Jesu,
2970 1394 3074 1439 tuae
3111 1387 3332 1455 iustitiae

1742 1444 2000 1529 adversus
2025 1458 2361 1529 peccatorem
2382 1458 2566 1516 tuum;
2596 1454 2689 1507 sed
2715 1463 2829 1507 esto
2858 1444 3068 1529 memor
3092 1444 3332 1529 benigni;

1741 1516 1867 1585 tatis
1896 1526 1999 1571 tuae
2042 1518 2298 1574 adversus
2344 1528 2647 1575 creaturam
2694 1532 2858 1578 tuam.
2904 1526 2977 1580 Ne
3020 1516 3332 1585 meminéris

1742 1584 1837 1656 ira:
1862 1586 2124 1643 adversus
2152 1604 2331 1656 reum;
2364 1591 2456 1645 sed
2485 1608 2691 1647 memor
2715 1604 2831 1649 esto
2848 1596 3207 1654 miserationis
3224 1584 3331 1655 tuae

1741 1655 2000 1742 adversus
2025 1658 2302 1742 miserum.
2334 1661 2413 1742 (bi
2444 1660 2772 1742 Obliviscere
2798 1666 3085 1742 superbum
3106 1684 3329 1742 provo-

1741 1735 1975 1805 cantem,
2008 1737 2061 1783 et
2094 1731 2310 1805 respice
2338 1731 2591 1805 misellum
2637 1731 2989 1805 invocantem.
3019 1731 3157 1805 Quid
3185 1742 3328 1795 enim

1741 1806 1823 1851 est
1845 1796 2022 1879 Jesus,
2054 1800 2161 1879 nisi
2181 1796 2452 1879 Salvator?
2476 1802 2638 1879 iirgo,
2686 1804 2833 1879 Jesu,
2868 1822 2964 1879 per
2991 1796 3330 1879 teinetipsum

1741 1881 1969 1946 exsurge
1999 1868 2050 1922 in
2077 1869 2410 1946 adjutorium
2429 1868 2592 1929 mihi':
2617 1868 2671 1928 et
2692 1874 2793 1946 dic
2819 1868 3013 1931 anima:
3040 1868 3197 1946 meae,
3227 1881 3331 1937 Sa-

1740 1934 2225 2019 l‘ustua‘egosum
2254 1940 2424 2011 (Psal.
2455 1959 2649 2009 xxxrv,
2686 1944 2768 2019 β).
2802 1934 3327 2019 Muitum,_Domine,

1740 2006 1808 2089 de
1835 2016 1920 2062 tua
1950 2006 2187 2065 bonitate
2220 2006 2789 2089 prmsumo,_g_uonia'm
2817 2016 3011 2089 tujpse
3030 2006 3200 2089 'doces
3238 2006 3335 2089 pe:-

1741 2084 1876 2153 tere,
1907 2094 2148 2153 quaerere
2175 2089 2230 2153 et
2258 2082 2469 2150 pulsare
2502 2082 2714 2153 (Matth.
2745 2101 2839 2152 vn,
2874 2082 2966 2153 7):
3001 2096 3054 2142 et
3088 2088 3210 2144 ideo
3236 2082 3330 2147 tua

1740 2150 1985 2229 oratione
2013 2149 2317 2229 admonitus
2349 2153 2420 2225 (ο)
2450 2149 2593 2229 petp,
2626 2170 2808 2229 quzero
2826 2149 2886 2211 et
2908 2149 3105 2225 'pulso.
3140 2158 3207 2214 Et
3246 2169 3328 2229 tu,

1739 2218 1986 2300 Domine,
2015 2220 2279 2300 quijubes
2294 2218 2497 2300 petere,
2530 2222 2612 2279 fac
2637 2218 2905 2300 accipere;
2926 2218 3161 2300 consulis
3175 2218 3327 2300 quas;

1738 2304 1885 2369 rere,
1912 2290 1979 2344 da
2009 2298 2061 2345 et
2101 2290 2369 2369 invenire;
2401 2293 2561 2349 doces
2605 2290 2835 2364 pulsare,
2888 2290 3032 2369 aperi
3075 2290 3327 2369 pulsanti.

1739 2358 2008 2415 Conﬁrma
2033 2376 2119 2416 me
2146 2361 2437 2428 inﬁrmum,
2466 2358 2704 2419 resta'ura
2723 2381 2809 2421 me
2824 2358 3110 2435 perditum,
3133 2370 3329 2426 suscita

1740 2445 1827 2485 me
1867 2440 2172 2508 mortuum:
2209 2441 2264 2487 et
2305 2448 2492 2508 omnes
2534 2449 2723 2508 sensus
2766 2452 2935 2508 meos,
2979 2439 3237 2508 cogitatus
3275 2449 3331 2497 et

1738 2509 1889 2579 actus
1917 2501 2149 2579 dirigere
2190 2510 2246 2557 et
2286 2503 2584 2579 gubernare
2622 2506 2856 2579 digneris
2902 2507 2954 2561 in
2996 2501 3330 2579 he'neplacito

1740 2578 1852 2649 tuo,
1884 2581 1942 2625 ut
1970 2570 2041 2649 de
2065 2582 2260 2649 caetero
2288 2570 2381 2649 tibi
2406 2574 2659 2649 serviam,
2679 2570 2991 2649 tibi_vivam,
3024 2570 3224 2649 tibique
3239 2596 3328 2637 me

1740 2643 1964 2716 tradam.
1996 2641 2149 2716 Scio,
2175 2642 2396 2716 Domine
2419 2646 2513 2709 mi,
2543 2646 2670 2716 quia
2694 2662 2757 2700 ex
2790 2645 2889 2701 hoc
2914 2641 3052 2716 quod
3083 2641 3167 2704 me
3195 2649 3328 2706 feci-

1740 2711 1829 2776 sti,
1861 2711 2032 2791 debeo
2061 2712 2153 2791 iibi
2183 2713 2487 2791 meipsum;
2512 2711 2572 2768 et
2585 2715 2709 2791 quia
2726 2711 3129 2791 mercdemisti,
3160 2728 3215 2774 et
3230 2736 3329 2791 pro

1738 2796 1827 2856 me
1866 2781 2027 2837 homo
2058 2780 2229 2837 factus
2253 2780 2332 2848 es,
2365 2780 2622 2856 deberem
2648 2786 2740 2840 tibi
2785 2786 2901 2855 plus
2939 2803 3095 2856 quam
3118 2780 3247 2854 me,
3278 2791 3325 2845 si

1738 2850 2014 2926 haberem,
2062 2862 2261 2923 quanto
2307 2863 2363 2926 ιιι
2414 2855 2583 2926 major
2629 2871 2709 2923 es,
2760 2850 2856 2925 p'ro
2903 2850 3012 2926 quo
3055 2850 3247 2915 dedisti
3275 2869 3329 2916 te

1738 2923 1931 3004 ipsum.
1966 2922 2105 2978 Ecce
2135 2937 2243 3004 _nec
2271 2924 2390 2993 plus
2419 2922 2614 3004 habeo,
2648 2922 2936 2996 nec'quod'
2968 2927 3158 3004 habeo,
3199 2930 3327 3004 dare

1739 2992 1835 3047 tibi
1860 3008 2075 3062 possum
2104 2993 2221 3048 sine
2253 2992 2335 3065 te;
2359 2995 2452 3065 sed
2473 2996 2657 3065 accipe
2682 3012 2767 3051 me
2792 2992 2867 3063 tu,
2897 3007 2953 3051 et
2974 3000 3125 3053 trahe
3147 2992 3234 3054 me
3258 3002 3324 3055 ad

1739 3069 1817 3128 te,
1854 3072 1911 3117 ut
1943 3074 2062 3118 tuus
2104 3065 2205 3118 sim
2248 3064 2542 3120 imitatione
2578 3064 2633 3121 et
2674 3066 2978 3132 dilectione,
3030 3069 3166 3124 sicut
3206 3080 3328 3127 tuus

1739 3146 1857 3206 sum
1874 3134 2212 3206 conditione,
2236 3136 2326 3206 qui
2360 3135 2495 3189 vivis
2521 3146 2575 3191 et
2602 3152 2792 3206 regnas
2818 3138 2868 3191 in
2895 3139 3109 3193 sarcula.

1810 3202 2036 3259 CAPUT
2074 3203 2186 3258 XL.
2230 3204 2339 3260 Deo
2379 3206 2549 3259 omnia
2584 3202 2687 3260 sua
2701 3207 3032 3261 commendat.
3061 3209 3186 3263 Orat
3208 3227 3329 3265 avo-

1739 3275 1847 3328 cari
1855 3274 2007 3347 uitia,
2040 3274 2492 3347 uirtutesfoncedi.
2516 3275 2734 3331 Sanctos
2754 3278 3060 3347 interpellat.
3082 3279 3188 3334 Pro
3212 3283 3327 3336 uni-

1738 3345 1892 3418 uersis
1908 3345 2215 3418 gupplicats
2238 3343 2462 3400 Rursum
2480 3362 2573 3417 pro
2592 3364 2646 3401 se
2670 3343 2893 3417 aliisque
2924 3359 3174 3418 precatur.
3218 3351 3326 3406 Do-

1741 3415 1887 3469 mine
1907 3415 2050 3491 Deus
2074 3415 2430 3491 omnipotens,
2472 3415 2562 3486 qui
2600 3432 2658 3471 cs
2685 3415 2854 3473 trinus
2883 3415 2936 3474 et
2965 3434 3122 3487 unus,
3150 3421 3240 3491 qui
3266 3438 3328 3478 es

1740 3499 1957 3555 semper
1985 3486 2036 3539 in
2068 3485 2336 3552 omnibus,
2362 3497 2416 3541 et
2442 3485 2563 3543 eras
2588 3494 2713 3543 ante
2744 3491 2944 3555 omnia,
2973 3501 3027 3544 et
3047 3485 3154 3545 eris
3168 3485 3329 3547 'sem-

1742 3571 1840 3626 per
1883 3556 1934 3609 in
1986 3556 2235 3611 omnibus
2278 3557 2416 3611 Deus
2470 3556 2786 3612 benedictus
2830 3563 2883 3613 in
2937 3562 3135 3615 saecula
3174 3579 3187 3615 :
3230 3563 3325 3620 tibi

1740 3626 2059 3682 commendo
2108 3626 2267 3699 hodie
2306 3634 2361 3681 et
2388 3627 2535 3699 omni
2578 3636 2817 3698 tempore
2855 3630 3086 3685 animam
3128 3647 3323 3699 meam,

1741 3711 1939 3766 corpus
1964 3712 2163 3764 meum,
2193 3697 2386 3765 visum,
2416 3697 2946 3769 auditum,’gustum,
2977 3702 3256 3757 odoratum
3273 3697 3330 3759 et

1742 3774 1962 3838 tactum,
1991 3782 2180 3822 omnes
2214 3768 2564 3837 cogitationes
2598 3768 2766 3836 meas,
2808 3770 3145 3838 aﬂlictioues,
3178 3774 3325 3828 locu-

1742 3837 1934 3900 tiones,
1953 3838 2212 3904 actiones,
2236 3839 2412 3892 omnia
2438 3840 2701 3894 exteriora
2717 3848 2771 3894 et
2792 3840 3085 3907 interiora,,
3110 3837 3328 3899 sensum

1742 3916 1800 3963 et
1812 3907 2157 3971 intellectum,
2178 3908 2488 3962 memoriam
2506 3923 2702 3976 meam,
2722 3909 2878 3963 tidem
2894 3920 2947 3964 et
2960 3912 3329 3970 credulitatem

1743 3992 1939 4041 meam,
1975 3986 2029 4032 et
2064 3978 2511 4049 perseverantiam
2548 3994 2743 4043 meam,
2786 3980 3057 4049 inrmanus
3077 3985 3329 4049 potentia:

1747 4057 1882 4113 tuae;
1911 4056 1968 4101 ut
1986 4047 2266 4124 custodias
2290 4062 2384 4103 eas
2411 4047 2600 4103 diebus
2619 4058 2673 4103 et
2702 4048 2966 4116 noctibus,
2996 4047 3141 4107 horis
3165 4062 3329 4124 atque

1745 4117 2050 4172 momentis.

1818 4187 2021 4242 Exaudi
2060 4202 2167 4252 me,
2217 4187 2451 4242 Trinitas
2491 4195 2695 4255 sancta,
2740 4195 2795 4242 et
2841 4203 3098 4244 conserva
3145 4206 3232 4246 me
3260 4192 3331 4248 ab

1747 4257 1891 4313 omni
1919 4257 2080 4325 malo,
2122 4258 2189 4311 ab
2225 4258 2371 4312 omni
2409 4257 2680 4322 seandalo,
2722 4266 2777 4312 et
2814 4258 2883 4313 ab
2921 4260 3069 4314 omni
3116 4263 3329 4317 mortali

1749 4337 1989 4399 peccato,
2018 4328 2087 4399 ab
2105 4328 2351 4399 omnibus
2376 4327 2586 4399 insidiis
2605 4338 2659 4383 et
2679 4327 3106 4386 infestationibus
3130 4331 3332 4387 daemo-

1750 4398 1899 4472 num,
1931 4408 1985 4453 et
2021 4398 2359 4472 inimicorum
2396 4398 2680 4453 visibilium
2723 4407 2779 4453 et
2816 4399 3182 4472 invisibilium,
3235 4418 3331 4472 per

1752 4469 2021 4540 orationes
2062 4469 2507 4540 Patriarcharum,
2553 4484 2651 4539 per
2697 4469 2886 4525 merita
2921 4469 3328 4540 Prophetarum,

1752 4554 1849 4610 per
1892 4538 2138 4614 suﬁ‘ragia
2170 4538 2569 4614 Aposiolorum,
2615 4554 2709 4609 per
2745 4538 3096 4614 constantiam
3130 4538 3333 4614 many-'-

1753 4609 1893 4674 rum,
1918 4624 2012 4681 per
2032 4609 2188 4664 iidem
2207 4609 2711 4681 confessorum,per
2728 4610 3025 4666 castitatem
3047 4609 3332 4681 virginum.

1755 4690 1811 4736 et
1846 4696 1939 4751 per
1985 4680 2420 4751 intercessionem
2468 4680 2705 4751 omnium
2746 4688 3051 4751 sanctorum
3097 4680 3188 4750 qui
3238 4684 3336 4739 tibi

1756 4748 2070 4822 placuerunt
2097 4750 2166 4804 ab
2190 4750 2344 4804 initio
2368 4749 2572 4822 mundi.
2602 4748 2822 4818 Expelle
2846 4764 2887 4822 a_
2899 4766 2998 4822 me
3020 4748 3333 4822 jactantiam

1680 4852 1685 4855 -
1757 4819 1972 4885 inentis,
2001 4828 2058 4875 et
2084 4835 2217 4891 auge
2253 4820 2717 4891 compunctionem
2751 4819 2968 4891 cordis;
3020 4819 3200 4878 minue
3242 4838 3339 4879 su—

1759 4893 2005 4963 perbiam,
2023 4887 2221 4963 meam,
2252 4899 2308 4944 et
2332 4887 2528 4963 perﬁce
2552 4890 2605 4944 in
2631 4903 2721 4963 me
2751 4887 3101 4947 humilitatem
3130 4909 3337 4963 veram,

1760 4958 1955 5019 suscita
1996 4962 2047 5016 in
2083 4976 2170 5015 me
2198 4958 2400 5025 ﬂetum,
2429 4959 2506 5030 (ἀ)
2537 4958 2786 5014 molliﬁca
2814 4974 2911 5015 cor
2939 4977 3115 5018 meum
3143 4958 3339 5020 durum

1761 5043 1815 5089 et
1853 5030 2363 5101 lapideum.Libera
2390 5044 2497 5095 me,
2526 5030 2770 5094 Domine,
2808 5039 2862 5085 et
2888 5032 3120 5087 animam
3163 5050 3339 5091 meam

1761 5103 1829 5158 ab
1854 5100 2100 5157 omnibus
2148 5100 2354 5156 insidiis
2404 5100 2624 5168 inimici,
2665 5109 2720 5155 et
2760 5116 3014 5158 conserva
3045 5119 3132 5158 me
3160 5104 3212 5157 in
3253 5115 3342 5159 tua

1765 5173 2052 5228 voluntate.
2086 5172 2225 5227 Doce
2251 5186 2361 5239 me,
2394 5170 2637 5235 Domine,
2666 5171 2994 5228 voluntatem
3027 5184 3167 5227 tuam
3199 5173 3345 5227 {ace-

1762 5258 1843 5306 re,
1870 5244 1990 5311 quia
2022 5242 2162 5297 Deus
2188 5255 2340 5296 meus
2368 5255 2427 5296 es
2452 5249 2508 5296 tu
2548 5239 2719 5313 (Paul.
2776 5257 2938 5311 exui,
2988 5241 3101 5312 10).
3147 5242 3216 5311 (ε)
3267 5243 3342 5296 Da

1763 5312 1917 5377 mihi,
1948 5313 2191 5375 Domine,
2239 5326 2453 5381 sensum
2483 5311 2775 5381 perfectum
2807 5321 2863 5367 et
2907 5312 3255 5381 intellectum,
3286 5322 3347 5366 ut

1763 5385 2036 5455 suscipere
2057 5383 2262 5440 valeam
2292 5379 2606 5453 profundam
2623 5381 2999 5453 benignitatem
3028 5390 3191 5435 tuam.
3209 5379 3347 5439 Illud

1936 5625 2039 5668 Jam
2062 5630 2125 5668 ex
2150 5614 2249 5666 ﬁne
2270 5615 2394 5665 Med.
2418 5612 2465 5663 2.

1855 5671 1903 5738 ὦ
1936 5687 2001 5730 Ex
2039 5676 2288 5738 Anselmo,
2313 5674 2481 5738 inrﬁne
2500 5673 2661 5722 laedit.
2690 5671 2762 5718 ll.

1828 5555 1852 5803 ξ

1851 5570 1881 5606 a
1936 5553 2190 5607 Anselmus
2206 5554 2259 5604 in
2278 5552 2377 5603 ﬁne
2399 5552 2519 5603 Med.
2546 5552 2595 5601 5.

1854 5616 1882 5668 b
1936 5625 2039 5668 Jam
2062 5630 2125 5668 ex
2150 5614 2249 5666 ﬁne
2270 5615 2394 5665 Med.
2418 5612 2465 5663 2.

1855 5694 1881 5730 c
1936 5687 2001 5753 Ειι
2039 5676 2288 5738 Anselmo,
2313 5677 2363 5725 in
2384 5674 2481 5723 ﬁne
2500 5673 2595 5722 Med

1851 5556 1911 5868 {ii
1942 5742 2357 5861 lfﬁé‘lﬁafi'l:
2370 5736 2448 5845 ῗὲἒ
2467 5803 2595 5843 sacra

1942 5742 2045 5791 vid.
2063 5753 2225 5802 supra,
2240 5753 2293 5802 ca

2292 5799 2301 5809 ο

1839 5736 1911 5866 [Δὶ
1942 5742 2045 5791 vid.
2063 5753 2225 5811 supra,
2370 5736 2448 5785 55.

1839 5802 1887 5866 (e
1944 5808 2009 5851 Ex
2035 5801 2247 5861 Alcumo,
2270 5798 2303 5846 ιι
2346 5831 2357 5843 .
2382 5797 2445 5845 de
2467 5798 2777 5851 sacrament.,
2804 5805 2908 5855 cap.
2939 5794 2983 5842 1.

2720 5875 3028 5956 (Τνριιιε.)
