3834 6276
579 347 680 406 951

2032 339 2394 400 auruum.
3666 358 3739 417 οὔ,

582 465 782 536 gratia,
814 465 956 536 quod
995 464 1081 521 hic
1119 464 1436 536 compendio
1483 466 1695 536 ponitur
1729 463 1784 520 in
1820 475 1939 532 cap.
1977 459 2012 515 ὁ
2039 476 2052 512 :
2086 457 2338 530 Repauset
2364 456 2418 511 iu
2449 462 2497 510 te
2529 470 2619 510 cor
2655 470 2846 522 meum,
2873 461 3004 523 etc.,
3033 455 3331 527 explicatur
3357 457 3406 514 in
3422 459 3548 518 dicta
3563 471 3738 527 oratione

584 555 776 614 melius
803 567 858 614 et
876 557 1086 628 plenius
1104 558 1156 613 in
1182 558 1324 614 hunc
1344 557 1561 613 modum
1589 575 1604 612 :
1635 555 1886 627 Repauset
1905 555 1959 607 in
1984 560 2032 606 te
2066 566 2154 604 cor
2167 565 2354 613 meum,
2377 563 2467 602 eor
2490 564 2632 602 mare
2673 563 2918 619 magnum
2937 555 3136 604 tumens
3156 550 3384 621 ﬂuctibus
3404 559 3628 625 superbia.
3654 563 3740 628 Quia

591 649 863 724 (fortasse,
890 646 1015 724 Qui)
1064 649 1323 720 imperasti
1349 650 1506 704 ventis
1532 660 1578 703 et
1603 648 1732 702 mari
1751 688 1770 715 ,
1803 647 1997 716 impera
2017 643 2061 696 ei
2092 649 2145 695 ut
2170 640 2443 712 tranquilla
2487 640 2615 710 ﬁant
2647 641 2819 695 omnia
2843 641 3088 696 interiora
3110 659 3240 712 mea,
3276 657 3500 716 quatenus
3531 651 3647 708 dulce
3661 675 3743 727 ς...

581 744 728 800 dium
751 759 918 798 meum
937 743 1076 814 quod
1093 744 1259 798 esurio
1287 753 1335 798 et
1359 743 1474 798 sitio
1489 782 1503 807 ,
1527 740 1838 811 contemplor
1858 747 1907 794 te
1926 737 2038 793 sine
2059 733 2311 790 interioris
2335 733 2553 790 hominis
2573 735 2789 806 strepitu
2809 773 2828 798 .
2853 735 2965 792 sine
2987 752 3256 794 causarum
3279 742 3606 802 mundana-um
3621 756 3746 807 lunai.

584 845 660 889 tu.
705 832 837 888 Ecce
873 833 1070 888 animus
1103 850 1243 888 meus
1264 875 1280 898 ,
1311 834 1509 888 animus
1533 832 1726 887 amicus
1750 846 1890 886 meus
1909 828 2154 902 fatigatus
2199 827 2404 880 veniens
2439 826 2502 881 de
2534 826 2618 880 via
2660 814 3048 898 cogitationum,
3078 839 3127 885 et
3149 831 3212 886 ab
3241 832 3382 905 ipsis,
3407 851 3518 907 quas
3535 845 3743 913 me“.

541 916 553 960 ἶ
582 926 887 983 vanitatibus
918 941 1007 994 per
1027 925 1186 978 multa
1205 925 1411 991 diuisus,
1439 924 1775 996 periculosam
1793 922 2010 976 esuriem
2039 918 2230 992 patitur
2245 932 2266 973 :
2287 933 2389 972 non
2410 916 2566 972 habeo
2594 917 2730 988 quod
2754 935 2941 990 ponam
2965 929 3088 975 ante
3111 921 3294 990 illum;
3319 941 3497 997 pauper
3527 945 3618 984 sum
3634 943 3745 1007 siege.

582 1035 702 1072 nus.
729 1016 775 1070 0
813 1017 949 1070 dives
969 1015 1192 1070 omnium
1218 1014 1482 1082 bonorum,
1507 1022 1556 1068 et
1577 1013 1768 1085 dapum
1793 1026 2025 1083 superna:
2043 1008 2285 1065 satietatis
2313 1007 2692 1074 opulentissime
2705 1009 2938 1080 largitor,
2964 1017 3070 1066 etc.
3093 1008 3326 1084 Itemque
3349 1015 3410 1070 ad
3431 1016 3544 1074 illud
3566 1035 3656 1093 cap.
3676 1025 3737 1080 te:

585 1111 750 1167 Sileat
785 1108 879 1163 sibi
908 1118 954 1162 et
981 1109 1095 1177 ipsa
1140 1107 1332 1172 anima,
1373 1117 1424 1162 et
1459 1115 1682 1161 transeat
1705 1121 1779 1172 se,
1827 1121 1930 1158 non
1956 1099 2224 1174 cogitando
2249 1117 2340 1166 se;
2375 1099 2454 1156 sic
2491 1100 2835 1172 prosequitur
2862 1101 3040 1173 aptius
3063 1103 3315 1175 praedicta
3342 1109 3535 1166 oratio:
3561 1111 3640 1178 Tu,
3660 1114 3744 1172 Das

585 1219 747 1269 meus,
783 1213 835 1257 tu
863 1204 989 1257 mihi
1013 1203 1216 1273 loquere
1233 1202 1393 1268 solus,
1421 1218 1523 1257 non
1545 1217 1634 1272 per
1657 1216 1717 1254 ea
1736 1213 1853 1271 qua!
1878 1197 2060 1270 fecisti,
2090 1203 2146 1250 ut
2169 1195 2279 1250 sine
2303 1194 2416 1248 istis
2434 1193 2642 1249 audiam
2667 1203 2734 1262 te,
2761 1203 2868 1251 etc.
2899 1194 3073 1254 Habet
3097 1213 3221 1270 pars
3250 1199 3349 1256 ista
3375 1201 3600 1261 Manualis
3619 1207 3658 1261 in
3685 1225 3740 1265 ca-

587 1298 701 1368 pite
730 1299 765 1352 ι
790 1298 950 1352 verba
996 1296 1259 1352 Bernardi
1303 1294 1555 1352 nonnulla
1583 1335 1599 1360 ,
1639 1308 1757 1365 qua:
1787 1291 1855 1348 ab
1894 1290 1984 1346 illa
2009 1288 2283 1344 Mettensis
2321 1287 2523 1344 codicis
2541 1327 2560 1354 ,
2607 1294 2732 1343 ante
2754 1286 3088 1345 Bernardum
3114 1291 3217 1347 nisi
3243 1291 3466 1351 fallimur
3487 1297 3653 1368 scripti,
3671 1316 3743 1356 on-

585 1389 737 1445 tione
766 1390 980 1444 absunt.
1007 1387 1088 1444 0b
1115 1387 1232 1443 hmc
1259 1395 1438 1443 autem
1477 1385 1735 1442 Bernardi
1773 1397 1982 1440 necnon
2034 1381 2134 1436 alia
2163 1380 2408 1452 quaedam
2438 1378 2649 1436 Alcuini
2673 1379 2870 1449 verba,
2902 1381 3018 1452 ipsa
3057 1383 3317 1452 Anselmi,
3341 1388 3421 1442 cui
3441 1389 3612 1459 insunt,
3641 1396 3746 1450 oratio

587 1487 776 1549 quarta
801 1478 1032 1545 decima,
1060 1481 1212 1548 cujus
1232 1479 1558 1534 mentionem
1580 1476 1828 1548 superius
1847 1473 2094 1539 fecimus,
2136 1473 2318 1543 spuria
2345 1487 2453 1528 non
2482 1473 2752 1530 immerito
2779 1473 3046 1531 videbitur
3072 1487 3127 1532 et
3151 1478 3444 1536 subdititia.
3469 1481 3664 1556 Reliqua
3677 1503 3748 1558 par-

587 1581 673 1626 tes
703 1571 924 1642 hujusce
949 1571 1210 1628 Manualis
1233 1585 1501 1643 expressas
1529 1578 1653 1632 sunt
1673 1609 1689 1635 ,
1735 1568 1856 1625 aliae
1883 1567 2120 1640 quidem,
2162 1577 2289 1639 puta
2324 1566 2588 1622 decimum
2617 1575 2824 1623 sextum
2852 1576 2907 1624 et
2939 1569 3209 1627 decimum
3239 1575 3512 1644 septimum
3537 1589 3684 1649 caput,
3711 1597 3748 1636 ex

583 1680 836 1721 sermone
867 1665 1178 1735 appendicis
1204 1664 1333 1718 tomi
1355 1663 1526 1735 quinti
1571 1661 1938 1718 ducentesimo
1967 1674 2148 1728 nono;
2178 1659 2298 1716 alia:
2325 1673 2476 1726 vero,
2503 1659 2676 1729 capita
2701 1659 2960 1718 videlicet
3001 1671 3123 1720 octo
3158 1667 3429 1736 sequentia
3449 1708 3465 1735 ,
3492 1684 3550 1726 ex
3579 1669 3749 1728 Beruudi

582 1753 935 1810 concionibus
963 1772 976 1808 :
1012 1763 1196 1824 postea
1217 1769 1285 1809 ex
1307 1753 1529 1825 ilugone
1555 1753 1834 1808 Victorino
1861 1767 1980 1822 quae
2001 1750 2264 1806 habentur
2297 1765 2328 1805 a
2378 1749 2636 1820 vigesimo
2672 1760 2824 1807 sexto
2865 1753 3040 1824 capite
3078 1769 3248 1827 usque
3273 1757 3338 1812 ad
3365 1759 3671 1831 trigesimum:
3690 1781 3748 1834 po-

582 1854 785 1902 strema
812 1861 938 1917 pars
965 1845 1179 1904 demum
1204 1861 1270 1901 ex
1292 1845 1534 1901 Anselmi
1556 1844 1832 1916 Proslogio
1853 1842 2021 1898 ascita
2051 1851 2153 1899 est.
2181 1842 2452 1899 Caeterum
2478 1850 2688 1898 veteres
2715 1842 2932 1899 codices
2963 1845 3171 1916 scripti,
3194 1862 3329 1918 quos
3351 1863 3474 1906 sane
3493 1852 3649 1909 multos
3665 1870 3750 1910 con-

587 1937 945 1994 sideravimus
964 1981 979 2004 ,
1005 1939 1409 2009 haudquaquam
1432 1953 1554 1994 cum
1580 1937 1740 1993 editis
1763 1936 1846 1992 vel
1869 1949 2049 1991 secum
2080 1935 2181 2006 ipsi
2203 1935 2335 1990 satis
2358 1934 2703 1990 conveniunt.
2739 1934 2873 1990 Nam
2893 1935 2988 1992 alii
3020 1937 3172 2008 plura
3198 1939 3487 2008 continent,
3515 1943 3589 1998 alii
3605 1949 3751 2013 paucio-

581 2043 642 2084 ra
664 2069 681 2096 ,
708 2029 951 2099 plerique
975 2045 1102 2085 vero
1131 2030 1376 2101 quaedam
1397 2030 1465 2085 ab
1489 2029 1646 2085 editis
1685 2028 1859 2084 aliena
1885 2028 2150 2093 inserunt,
2184 2025 2435 2096 decerpta
2462 2041 2529 2082 ex
2559 2027 2876 2098 Augustino,
2908 2027 3027 2084 sive
3053 2044 3121 2085 ex
3150 2029 3418 2090 Bernardo
3439 2074 3454 2098 ,
3490 2043 3568 2090 aut
3597 2035 3747 2108 ﬂugone

585 2119 885 2188 Victorino,
913 2121 996 2176 vel
1027 2137 1094 2176 ex
1128 2121 1276 2176 libris
1302 2120 1370 2177 de
1389 2119 1593 2192 Spiritu
1618 2127 1673 2177 et
1701 2121 1914 2187 Anima,
1947 2127 1999 2174 et
2021 2118 2088 2174 de
2117 2117 2393 2189 Diligendo
2420 2119 2532 2174 Deo
2559 2161 2575 2186 ,
2607 2127 2766 2190 atque
2786 2134 2853 2176 ex
2884 2120 3320 2181 Meditationibus
3358 2125 3746 2186 Bernardinomins

588 2213 834 2285 vulgatis.
888 2214 1164 2272 Postrema
1190 2214 1404 2271 tandem
1429 2215 1602 2286 capita
1640 2214 1726 2270 vix
1754 2227 1893 2270 unus
1917 2213 2156 2269 continet
2183 2211 2382 2284 Regius
2405 2211 2576 2269 codex
2594 2254 2610 2281 ,
2655 2213 2749 2285 qui
2777 2215 2955 2272 tanien
2993 2216 3312 2288 vigesimum
3347 2229 3542 2277 sextum
3565 2230 3606 2280 et
3623 2223 3748 2295 vigesi-
3786 2233 3787 2296 ξ

581 2321 728 2362 mum
753 2306 1038 2378 septimum
1059 2307 1172 2364 fere
1203 2316 1368 2364 totum
1395 2306 1776 2378 praetermittit.

592 2448 3750 2510 ἢ

1645 2489 2807 2780 iang

1707 2807 2185 2918 LIBER
2264 2806 2692 2916 UJV'U'S
2705 2889 2733 2914 .

2091 3000 2356 3056 ιθζοθθὶϐθ

641 3127 949 3204 Ριυιιξητιο.
962 3127 1124 3204 _I_iati_o
1145 3130 1298 3204 huius
1313 3129 1497 3201 operis.
1519 3127 1778 3204 nocentia
1792 3125 1889 3180 Dei
1896 3121 1992 3204 .(_a)
2007 3120 2158 3204 _Quo-

569 3200 714 3276 niam
758 3199 833 3276 in‘
857 3199 1035 3276 medio
1084 3194 1390 3276 laqu'eoruin
1443 3200 1603 3276 positi
1656 3212 1875 3260 sumus,
1922 3194 2085 3276 facile.
2129 3209 2161 3249 a

568 3269 776 3352 caelesti
801 3269 1070 3351 desiderio
1096 3265 1806 3352 frigescimus—Quapropter:
1829 3265 2045 3352 assiduo
2071 3265 2158 3352 in-

568 3339 814 3410 digemus
854 3338 1218 3406 monimento,
1263 3351 1324 3396 ut
1351 3338 1706 3418 expergefacti
1741 3338 1809 3394 ad
1846 3338 2018 3418 Deum
2059 3350 2158 3389 no-

569 3407 742 3464 strum
773 3424 957 3464 verum
983 3419 1034 3464 et
1081 3425 1348 3466 summum
1398 3407 1596 3466 bonum
1616 3453 1630 3472 .
1661 3425 1782 3464 cum
1831 3407 2116 3462 deﬂuimus
2139 3447 2156 3475 ,

567 3492 935 3561 recurremus“.
977 3479 1325 3561 idcircopon.
1357 3481 1780 3561 praesumptionis
1817 3479 2117 3561 temeritate
2139 3519 2156 3545 ,

567 3550 665 3604 sed
705 3550 873 3619 magis
900 3549 993 3603 Dei
1016 3552 1121 3604 mei
1151 3547 1468 3615 dilectione,
1503 3547 1625 3604 huic
1663 3549 1922 3619 opusculo
1946 3547 2159 3619 adlau-

542 3619 692 3674 ‘dem
722 3618 839 3688 ejus
880 3633 1099 3689 operam
1137 3619 1294 3684 dedi,
1339 3628 1398 3674 ut
1441 3635 1507 3674 ex
1549 3618 1964 3689 elegantioribus
2001 3618 2159 3674 dictis

569 3698 875 3744 sanctorum
937 3688 1155 3744 Patrum
1213 3689 1376 3745 breve
1409 3697 1465 3744 et
1521 3688 1770 3744 man’uale
1829 3689 2049 3744 verbum
2089 3689 2158 3745 de

568 3759 684 3814 Deo
704 3774 844 3830 meo
882 3773 1092 3814 mecum
1131 3775 1342 3830 semper
1378 3759 1629 3816 haberem
1650 3801 1666 3826 ,
1696 3776 1762 3816 ex
1785 3759 1940 3829 cujus
1967 3759 2154 3815 lectio-

567 3830 654 3885 nis
699 3829 860 3900 igne,
890 3831 1102 3900 quoties
1151 3829 1400 3902 tepesco,
1431 3832 1484 3885 in
1541 3831 1658 3900 ejus
1713 3829 1976 3886 accendar
1999 3845 2153 3887 amo-

567 3915 706 3956 rem.

639 3970 799 4043 Nunc
826 3971 1032 4043 adesto
1081 3971 1241 4036 mihi,
1300 3971 1440 4043 Deus
1487 3987 1674 4040 meus,
1726 3987 1886 4043 quem
1929 3987 2149 4042 qumro,

567 4055 725 4110 quem
769 4041 962 4112 diligo,
1010 4057 1169 4113 quem
1195 4041 1357 4098 corde
1393 4051 1449 4098 et
1495 4058 1590 4098 ore
1633 4041 2026 4110 conliteor,’et
2049 4058 2152 4113 qua

569 4113 725 4183 valeo
763 4113 956 4168 virtute
994 4112 1151 4167 laudo
1195 4121 1353 4183 atque
1380 4114 1565 4168 adoro.
1597 4113 1744 4170 Mens
1793 4128 1912 4169 mea
1959 4112 2150 4170 devota

566 4181 698 4254 tibi,
741 4191 832 4236 tuo
879 4198 1062 4238 amore
1106 4181 1389 4248 succensa,
1435 4184 1529 4238 tibi
1577 4187 1882 4254 suspirans.
1931 4185 2024 4239 tibi
2067 4187 2149 4240 in.

566 4249 755 4323 hians,
779 4262 832 4307 te
855 4254 1027 4308 solum
1054 4254 1233 4310 videre
1256 4254 1597 4321 desiderans,
1632 4249 1761 4311 nihil
1788 4256 1946 4310 habet
1970 4255 2145 4323 dulce,

565 4321 766 4392 nisirde
795 4332 845 4377 te
874 4323 1016 4392 loqui
1036 4363 1050 4385 ,
1081 4323 1148 4378 de
1178 4333 1231 4378 te
1255 4325 1470 4391 audire,
1499 4325 1567 4381 de
1607 4333 1657 4381 te
1685 4327 1923 4382 scribere
1942 4367 1956 4389 ,
2003 4325 2070 4382 de
2096 4321 2149 4384 te

563 4391 813 4448 conferre
832 4434 846 4456 ,
872 4391 1020 4476 tuam
1046 4393 1267 4476 gloriam
1314 4394 1618 4476 frequenter
1658 4398 1756 4452 sub
1767 4397 1943 4476 _corde
1970 4399 2147 4476 revol-

562 4477 727 4530 vere,
777 4472 834 4518 ut
868 4472 955 4518 tua
994 4464 1170 4518 suavis
1200 4464 1455 4518 memoria
1508 4466 1578 4520 sit
1604 4466 1740 4522 inter
1767 4468 1863 4522 hos
1905 4467 2148 4525 turbines

561 4533 740 4604 aliqua
763 4535 1066 4604 repausatio
1091 4549 1230 4589 mea.
1258 4533 1334 4588 Te
1361 4549 1488 4604 ergo
1519 4536 1734 4599 invoco,
1767 4537 2146 4593 desiderantis-

563 4604 720 4671 sime,
749 4605 819 4660 ad
846 4615 897 4661 te
915 4606 1090 4660 clamo
1117 4605 1352 4660 clamore
1381 4620 1574 4673 magno
1595 4606 1646 4660 in
1673 4616 1781 4662 toto
1809 4607 1970 4663 corde
2001 4625 2141 4666 meo.

561 4673 631 4754 Et
656 4690 777 4730 cum
807 4677 1079 4754 te_invoco
1096 4717 1112 4743 ,
1135 4676 1316 4746 utique
1342 4683 1393 4754 te
1421 4677 1474 4754 in
1506 4691 1591 4731 me
1613 4677 1978 4754 ipso_invoco;
2005 4695 2142 4754 quos

559 4747 704 4798 niam
730 4747 947 4802 omnino
969 4761 1076 4802 non
1101 4761 1275 4802 essem
1295 4787 1312 4814 ,
1339 4748 1440 4801 nisi
1469 4756 1525 4802 tu
1553 4762 1702 4803 esses
1732 4749 1786 4804 in
1812 4764 1932 4814 me;
1962 4747 2142 4806 et‘uisi

560 4827 661 4890 ego
686 4829 862 4890 essem
887 4818 938 4872 in
971 4828 1042 4884 te,
1065 4832 1168 4873 non
1200 4832 1347 4872 esses
1372 4818 1425 4872 in
1452 4833 1556 4872 me.
1589 4817 1644 4874 In
1671 4835 1756 4874 me
1779 4833 1858 4886 es,
1891 4821 2140 4890 quoniam

559 4882 616 4937 in
643 4887 896 4960 memoria
919 4882 1037 4943 mea
1057 4902 1273 4944 manes:
1293 4905 1356 4944 ex
1378 4903 1440 4960 ea
1460 4891 1683 4960 cognovi
1713 4902 1781 4955 te,
1810 4882 1864 4945 et
1890 4882 1942 4944 in
1973 4906 2032 4945 ea
2058 4892 2141 4946 in-

555 4954 718 5008 venio
740 4961 793 5008 te
813 4993 826 5018 ,
858 4970 979 5031 cum
1006 4959 1318 5014 reminiscor
1349 4959 1418 5014 tui
1438 5001 1454 5026 ,
1487 4954 1554 5015 cf
1567 4954 1804 5017 delector
1823 4963 1873 5016 in
1899 4972 1950 5017 te
1973 4962 2039 5016 de
2067 4971 2138 5031 te,

557 5037 626 5078 ex
647 5026 998 5102 (ΠιρρεειιιίειΔ
1011 5043 1290 5102 perquem
1310 5032 1490 5102 omnia
1510 5072 1525 5096 ,
1555 5041 1610 5087 et
1635 5032 1688 5086 in
1715 5049 1820 5102 quo
1846 5034 2046 5088 omnia.

664 5043 950 5151 Elggbﬂi‘lla
963 5043 1110 5150 ῥᾶῗι·
1127 5045 1290 5154 ﬂuent
1316 5045 1490 5114 omnia
1510 5072 1525 5096 ,
1555 5043 1610 5087 et
1635 5048 1688 5115 tu
1715 5049 1820 5102 quo
1846 5043 2046 5106 omnia.

695 5165 707 5176 θ
959 5167 971 5176 _
1077 5099 1124 5153 M
1175 5099 1244 5153 Μ.
1301 5099 1392 5154 De:
1441 5107 1828 5176 pet-functiones.
1885 5103 1957 5174 (ὁ)
2019 5104 2099 5161 Tu
2119 5148 2135 5172 ,

553 5163 816 5244 Domine,
871 5167 1066 5222 ccelum
1115 5178 1169 5222 et
1236 5163 1470 5244 terram'_
1506 5163 1723 5243 iinples,
1775 5163 1955 5230 omnia
2017 5163 2140 5244 pan

559 5243 684 5291 tans
729 5236 848 5292 sine
886 5252 1083 5305 onere,
1114 5241 1292 5293 omnia
1349 5236 1597 5310 implens'
1627 5236 1741 5300 sine
1802 5236 2125 5314 inclusione,

552 5320 773 5378 semper
823 5322 1021 5379 agens,
1073 5314 1574 5386 semperﬂquietus,
1619 5317 1876 5386 colligens
1925 5327 1979 5373 et
2031 5335 2136 5375 non

549 5391 742 5448 egens,
794 5393 1040 5449 quaerens
1086 5394 1207 5435 cum
1255 5379 1388 5435 nihil
1436 5382 1572 5440 desit
1625 5379 1773 5448 tibi:
1802 5403 1988 5444 amans
2036 5405 2135 5446 nec

547 5457 819 5518 mstuans,
851 5450 1030 5505 zelans
1053 5457 1108 5505 et
1137 5451 1358 5508 seéurus
1388 5469 1466 5522 es,
1502 5460 1722 5526 poenitet
1743 5466 1795 5514 te
1821 5469 1875 5514 et
1902 5475 2006 5515 non
2031 5461 2132 5515 do-

607 5599 682 5677 (q)
713 5601 900 5677 ExAﬂne
1034 5605 1099 5677 de
1121 5605 1366 5677 Speculo;
1391 5609 1505 5660 vide
1528 5609 1614 5660 lib.
1641 5610 1798 5663 Medit.
1823 5626 1930 5677 cap.
1949 5613 2038 5677 22;
2063 5628 2130 5666 ex

778 5673 896 5729 Aug.
917 5665 1003 5717 lib.
1030 5669 1077 5729 l,
1100 5664 1205 5729 cap.

609 5683 896 5791 ἳὲῖὲήῗξε
917 5683 1190 5791 ﬂexi

1186 5669 1397 5795 >4.),2capp.
1419 5733 1526 5793 4-8,
1549 5733 1627 5796 2i,
1664 5734 1757 5797 22;
1805 5751 1869 5788 ex
1908 5738 2124 5792 confess.

545 5783 770 5846 Auxilii).
798 5787 845 5846 1,
867 5800 973 5850 cap.
992 5790 1041 5839 4.

2272 3119 2388 3184 les,
2437 3121 2686 3178 irasceris
2727 3133 2800 3200 et
2826 3126 3254 3200 tranquilluses,
3297 3145 3452 3200 opera
3491 3121 3744 3194 mutas,'sed
3788 3148 3789 3200 ἦ

2267 3205 2375 3245 non
2410 3202 2585 3275 mutas
2609 3195 2895 3275 consilium
2917 3239 2932 3263 ,
2964 3195 3158 3275 recipis
3201 3195 3346 3270 quod
3374 3203 3578 3275 invenis,
3601 3212 3640 3275 et
3660 3217 3746 3275 nun-

2267 3276 2426 3331 quam
2469 3264 2722 3329 amisisti;
2777 3281 3048 3338 nunquam
3079 3264 3286 3344 inops,
3331 3280 3385 3328 et
3417 3264 3590 3344 gaudes
3619 3273 3744 3344 lucris;

2265 3347 2535 3413 nunquam
2574 3348 2792 3413 avarus,
2826 3347 2882 3393 et
2924 3353 3110 3394 usuras
3143 3342 3344 3413 exigis;
3375 3341 3666 3413 supererogas
3694 3341 3745 3396 (ui
3788 3341 3789 3413 ᾖ

2264 3417 2371 3484 non
2401 3404 2599 3484 debtss,
2625 3406 2711 3460 vel
2737 3421 2952 3484 semper
2975 3404 3390 3484 supererogatur
3417 3404 3500 3470 tibi
3527 3422 3572 3467 ut
3585 3404 3741 3472 debeas.
3788 3405 3789 3480 Τ

2263 3483 2318 3528 et
2336 3475 2671 3556 _quis_habet
2709 3475 3007 3556 quidquam
3037 3475 3164 3556 non
3194 3475 3386 3556 tuum?
3433 3485 3600 3556 Reddis
3626 3483 3741 3556 debili

2261 3544 2391 3599 nulli
2419 3545 2621 3624 deberis
2639 3587 2654 3610 ,
2696 3544 2871 3604 donas
2889 3549 3065 3624 debita
3091 3552 3227 3609 nihil
3250 3556 3484 3624 perdens.
3521 3554 3602 3623 Qui
3620 3552 3746 3621 ubique

2259 3628 2349 3699 es,
2376 3623 2433 3670 et
2469 3617 2663 3699 ubique
2692 3626 2867 3684 totus;
2903 3622 2992 3699 qui
3023 3624 3212 3679 sentiri
3243 3617 3422 3695 potes,
3463 3635 3512 3699 et
3532 3617 3657 3699 videri
3676 3617 3742 3676 lion

2261 3694 2582 3764 potes;-qu_i_
2601 3703 2863 3764 nusquam
2904 3694 3064 3756 deos,
3111 3702 3169 3749 et
3211 3694 3387 3752 tamen
3433 3697 3495 3752 ab
3534 3697 3740 3764 iniquorum

2259 3756 2668 3834 cogitationibus
2686 3756 2845 3832 longe
2871 3776 2962 3827 es;
2992 3764 3083 3834 qui
3125 3781 3229 3822 nec
3257 3767 3325 3822 ibi
3359 3767 3514 3834 dces,
3551 3756 3617 3821 ubi
3643 3765 3740 3829 longe

2260 3841 2357 3922 93}
2531 3829 2620 3884 “bi
2641 3844 2746 3884 "0"
2773 3827 2831 3886 δε
2862 3848 2956 3902 Per
2973 3827 3200 3922 εἱξιὶειμη
3225 3879 3242 3920 ε
3275 3838 3401 3921 ades
3428 3827 3513 3922 per
3532 3827 3740 3891 vindictam.

2257 3895 2357 3979 Qui
2386 3895 2579 3979 ubique
2606 3915 2844 3979 prmsens
2862 3895 2956 3971 es,
2974 3895 3056 3959 vet
3102 3906 3194 3979 vix
3223 3895 3444 3979 inveniri
3467 3919 3623 3979 potes;
3643 3917 3740 3974 quem

2257 3975 2487 4053 stantem
2531 3971 2842 4053 sequimur,
2890 3983 2947 4053 et
2973 3976 3377 4053 apprehendere
3424 3971 3516 4053 non
3564 3971 3739 4053 valentis.

2255 4037 2356 4105 Qui
2387 4048 2565 4116 _tenes
2610 4037 2835 4116 omnia,
2890 4037 3081 4116 imples
3131 4050 3351 4116 omnia,
3400 4044 3741 4116 circumplecte?s

2257 4109 2456 4187 omnia,
2479 4113 2854 4187 superexcedis
2873 4109 3072 4181 omnia,
3095 4109 3529 4176 sustines'omuia.
3548 4109 3626 4187 Qui
3640 4113 3740 4171 corda

2257 4177 2495 4261 fidelium
2528 4177 2696 4261 doces
2723 4184 2839 4240 sine
2867 4177 3092 4261 strepitu
3119 4190 3424 4246 verborum.
3452 4191 3545 4261 Qui
3559 4177 3662 4261 locis
3677 4198 3740 4237 non

2253 4249 2600 4317 distcnderis,
2631 4267 2730 4308 nec
2768 4249 3092 4331 temporibus
3119 4261 3374 4331 variaris,
3414 4249 3505 4316 ne'c
3536 4259 3663 4331 habes
3684 4269 3740 4306 ac-

2253 4335 2437 4376 cessus
2465 4331 2802 4394 etrecessus.
2834 4327 2934 4394 Qui
2963 4327 3171 4386 habitas
3196 4327 3370 4387 lucem
3392 4327 3738 4388 inaccessibilem.

2251 4393 2604 4470 quamAnullus
2629 4393 2901 4450 hominum
2923 4397 3072 4465 vidit,
3101 4417 3202 4457 nec
3225 4403 3403 4458 videre
3427 4410 3576 4470 potest
3594 4397 3636 4469 (Ι
3655 4395 3738 4450 Tia.

2250 4476 2302 4542 γι
2321 4503 2338 4529 ν
2367 4464 2434 4517 16
2455 4463 2495 4534 )ο
2526 4463 2579 4517 lu
2607 4473 2660 4542 te
2704 4481 2924 4542 manens
2961 4463 3171 4542 quietus
3191 4515 3206 4538 ,
3254 4463 3444 4542 ubique
3474 4463 3670 4527 circuiuis
3690 4477 3738 4516 lu-

2251 4539 2365 4587 tum
2389 4549 2403 4587 :
2429 4535 2700 4614 non_enim
2725 4536 2892 4614 seindi
2908 4535 2991 4614 _et'
3009 4541 3170 4614 dividi
3195 4535 3375 4614 potes,
3400 4545 3510 4614 quia
3534 4556 3632 4595 vere
3655 4549 3738 4589 unus

2249 4616 2311 4686 es
2325 4619 2345 4686 ;Δ
2390 4619 2490 4686 nec
2521 4604 2587 4686 .in
2624 4615 2800 4686 partes
2833 4609 3099 4686 efliceris,
3141 4604 3236 4668 sed
3269 4604 3586 4686 totusftotum
3618 4618 3734 4665 tenes.

2248 4681 2306 4727 et
2335 4677 2738 4755 totum-imples:
2767 4687 2935 4755 totum
2965 4681 3198 4738 illustras
3221 4695 3275 4740 et
3297 4683 3538 4755 possides.

2353 4742 2576 4822 CAPUT
2597 4742 2673 4799 ill.
2694 4746 2768 4801 De
2791 4751 2964 4805 eodem
2985 4742 3374 4822 argumento.'Si
3387 4765 3544 4810 totum
3558 4747 3732 4807 mundun

2248 4811 2367 4869 libri
2418 4816 2686 4885 repleant,
2743 4826 2832 4873 tua
2877 4811 3098 4877 scientia
3156 4825 3508 4881 inenarrabilis
3555 4836 3637 4877 non
3674 4830 3732 4885 ω’

2234 4891 2353 4956 test
2407 4889 2662 4940 enarrari.
2719 4889 2977 4956 Quoniam
3042 4909 3170 4949 vero
3231 4896 3496 4952 indicibilis
3549 4908 3619 4956 es,
3657 4886 3730 4940 uul-

2246 4951 2301 5029 lo
2335 4956 2526 5029 _mo_do
2553 4951 2958 5029 scribir'poteris
2995 4979 3094 5020 nec
3153 4969 3412 5022 concludi.
3467 4966 3533 5020 Tu
3573 4951 3620 5017 es
3657 4957 3731 5012 fons

2244 5023 2380 5106 lucis
2425 5025 2648 5108 divina},
2680 5023 2866 5085 et'sol
2917 5033 3170 5108 claritatis
3219 5048 3444 5094 aeternas.
3486 5035 3728 5108 Magonem

2242 5099 2386 5172 sine“
2428 5099 2750 5172 quantitate,
2800 5111 2854 5155 et
2920 5103 3039 5158 ideo
3103 5108 3415 5172 immensus;
3460 5099 3602 5162 bonus
3647 5099 3722 5172 sine

2244 5167 2531 5248 qualitate,
2559 5179 2614 5223 et
2635 5170 2755 5248 ideo
2783 5187 2909 5227 vere
2928 5183 2984 5248 et
3006 5191 3212 5248 summe
3240 5167 3428 5243 bonus;
3455 5186 3503 5232 et
3527 5188 3651 5229 nemo
3669 5170 3728 5248 bo-

2245 5251 2374 5317 nus,
2405 5237 2508 5292 nisi
2551 5248 2607 5294 tu
2648 5240 2794 5296 solus
2817 5283 2845 5317 ,_
2878 5244 3032 5317 cujus
3069 5247 3312 5303 voluntas
3350 5237 3472 5317 opus
3495 5255 3588 5307 est.
3623 5237 3725 5317 (“iis

2242 5307 2382 5388 velle
2421 5323 2576 5388 posse
2614 5319 2696 5365 est
2712 5352 2741 5388 ,Α
2759 5314 2848 5388 qui
2875 5307 3068 5388 omnia
3115 5333 3233 5388 quae
3278 5335 3341 5374 ex
3381 5307 3528 5372 nihilo
3561 5310 3722 5368 creasti.

2241 5377 2354 5452 sola
2404 5377 2675 5452 voluntate
2715 5377 2910 5439 fecisti.
2961 5385 3060 5452 Qui
3099 5377 3305 5443 oinnem
3345 5398 3599 5444 creaturam
3621 5389 3721 5432 tuam

2240 5449 2440 5526 absque
2471 5450 2754 5526 indigentia
2796 5449 3266 5526 aliqua-possides,
3294 5468 3345 5514 et
3370 5459 3472 5513 sine
3494 5456 3636 5526 labore
3653 5463 3719 5517 ειιο

2238 5516 2434 5600 bet-uas
2451 5561 2466 5584 .
2494 5529 2552 5600 et.
2574 5516 2775 5600 absque
2802 5516 2960 5600 tudio
2988 5516 3128 5600 regis
3147 5571 3162 5594 ,
3189 5539 3238 5584 et
3255 5516 3383 5584 nihil
3407 5538 3474 5583 est
3501 5516 3717 5600 quodet"

2237 5589 2415 5665 turbet
2439 5591 2678 5665 ordinem
2689 5589 2904 5665 imperii
2933 5599 3009 5652 tui
3025 5589 3220 5660 .vvelin
3237 5600 3459 5660 summis,
3480 5589 3546 5650 vel
3563 5595 3602 5647 in
3621 5589 3716 5665 imis.

2235 5657 2337 5726 Qui
2369 5661 2418 5734 i_u
2445 5663 2690 5718 omnibus
2705 5657 2834 5720 locis
2852 5667 2971 5723 sine
2987 5657 3105 5724 loco
3125 5669 3346 5734 haberis,
3365 5680 3413 5724 et
3432 5657 3576 5723 omnia
3592 5657 3715 5715 conti-

2235 5743 2334 5812 nes
2343 5731 2460 5786 sine
2477 5734 2698 5812 ambitu,
2718 5744 2773 5790 et
2792 5735 2985 5808 ubique
3007 5755 3236 5812 praesens
3252 5757 3306 5795 es
3322 5731 3425 5794 sine
3442 5738 3527 5792 situ
3540 5744 3580 5790 et
3591 5737 3709 5812 εηίξξιξς

2232 5799 2336 5866 Qui
2358 5815 2458 5857 nec
2477 5795 2871 5864 maliauctores
2889 5795 3067 5881 ,‘quod
3082 5811 3251 5869 facere
3271 5827 3370 5867 non
3387 5817 3516 5882 potes
3533 5804 3600 5876 qui
3617 5795 3712 5852 ηίδη
