3834 6276
500 341 605 402 967

500 462 685 532 gnitati
705 459 1037 524 dilectionis;
1066 457 1307 532 profecto
1331 457 1408 511 sic
1428 454 1734 526 gaudebunt
1761 462 1872 509 toto
1897 453 2077 517 corde,

502 529 613 587 tota
640 541 847 598 mente,
890 538 999 586 tota
1028 529 1202 583 anima
1223 569 1239 594 ,
1290 538 1350 581 ut
1378 536 1555 581 tamen
1594 535 1767 598 totum
1793 533 2083 598 cor,__tota

504 619 657 658 mens
679 644 695 667 ,
729 594 843 656 tota
862 602 1035 655 anima
1065 614 1170 654 non
1203 598 1434 653 sufﬁciat
1458 594 2000 667 plenitudinigaudii.

574 664 798 729 CAPUT
846 670 1085 727 XXXVI.
1146 670 1225 723 An
1274 670 1420 739 plene
1459 664 1553 739 'Itic
1611 666 1933 739 excogitetur.
1985 664 2085 718 Hic

500 760 696 817 semper
723 743 778 796 in
815 743 994 817 notitia
1016 782 1032 808 ,
1061 756 1254 817 _amore
1275 735 1321 793 et
1363 737 1551 807 gaudio
1584 738 1646 790 de
1684 735 1793 790 Deo
1840 751 2081 817 crescere.

504 805 647 887 Deus
668 828 820 887 meus
845 805 1180 887 etuDominus
1217 805 1402 875 meus,
1435 822 1558 887 spes
1582 822 1711 887 mea
1748 817 1803 860 ct
1837 805 2087 887 gaudium

502 882 680 938 cordis
705 884 842 957 mei,
871 882 1178 957 dic__a_nimae
1209 896 1379 957 mete,
1420 876 1477 957 si
1511 880 1720 957 ξος-εει
1742 877 2001 957 gaudium
2013 876 2087 957 de

501 969 609 1023 quo
638 954 793 1009 nobis
824 947 916 1021 per
935 952 1127 1007 Filium
1157 960 1303 1007 tuum
1328 949 1482 1023 dicis,
1514 947 1699 1014 Petite,
1722 947 2049 1023 etdaccipietis
2065 962 2087 1023 ς

503 969 609 1023 quo
638 965 793 1009 nobis
824 968 916 1021 per
935 965 1127 1007 vntum
1157 965 1303 1007 tuum
1328 965 1482 1012 mets,
1514 965 1699 1014 reme,
1722 965 1768 1001 et
1796 965 2049 1069 acarteus
2065 965 2085 1011 ,-

503 1033 559 1076 ut
584 1023 827 1094 gaudium
846 1032 1062 1077 vestrum
1090 1023 1378 1094 sitplenum
1392 1019 1573 1094 _(Joan.
1601 1034 1694 1073 xvn
1714 1059 1730 1084 ,
1761 1016 1873 1094 24).
1927 1017 2085 1072 nveui

502 1089 732 1163 namque
759 1094 1007 1163 gaudium
1032 1089 1300 1163 quoddam
1322 1162 1336 1163 γ
1357 1089 1571 1163 plenum
1592 1131 1607 1157 ,
1659 1098 1713 1143 et
1762 1089 1880 1157 plus
1927 1103 2086 1163 quam

506 1159 938 1233 plenum.Pleuo
967 1159 1163 1233 quippe
1209 1159 1408 1225 corde,
1455 1162 1614 1233 plena
1665 1168 1874 1233 mente,
1930 1159 2084 1226 plena

502 1230 678 1305 anima
696 1274 712 1299 ,
742 1234 900 1305 pleno
925 1230 1036 1288 toto
1063 1230 1303 1305 homine
1330 1230 1524 1305 gaudio
1563 1230 1654 1285 illo
1675 1271 1688 1293 ,
1721 1230 1896 1305 adhuc
1918 1243 2085 1305 supra

503 1303 721 1358 modum
742 1300 1013 1372 supererit
1037 1304 1309 1373 gaudium.
1332 1300 1447 1357 Non
1468 1317 1595 1371 ergo
1614 1311 1778 1373 totum
1806 1300 1933 1373 illud
1959 1314 2087 1367 gau-

503 1374 649 1445 dium
682 1369 897 1429 intrabit
919 1375 970 1430 in
1001 1369 1323 1445 gaudentes,
1363 1373 1458 1445 sed
1479 1369 1572 1445 toti
1598 1371 1892 1445 gaudentes
1922 1369 2088 1423 intra-

505 1444 641 1499 bunt
679 1445 731 1501 in
761 1441 1184 1514 gaudiunfillud.
1221 1445 1345 1508 Dic,
1389 1441 1653 1514 Domine,
1697 1441 1782 1514 dic
1811 1455 1968 1514 servo
1998 1451 2087 1514 tuo

502 1514 644 1589 intns
666 1516 717 1570 in
745 1511 905 1589 corde
928 1531 1077 1589 meo,
1107 1516 1150 1589 si
1181 1516 1284 1589 hoc
1319 1523 1402 1589 est
1443 1513 1779 1589 gaudium__in
1808 1511 1949 1589 qugd
2000 1511 2079 1589 in:

503 1586 717 1640 trahunt
743 1587 879 1640 servi
915 1587 1027 1649 tui,
1057 1586 1146 1654 qui
1178 1581 1467 1639 intrabunt'
1499 1585 1549 1637 in
1578 1584 1823 1654 gaudium
1874 1581 2087 1654 Domini

502 1657 604 1735 sui.
634 1656 738 1712 Sed
768 1667 914 1735 certe
937 1650 1189 1735 gaudium
1240 1654 1378 1735 illud
1418 1669 1551 1735 quo“
1573 1650 1880 1735 gaudebunt
1931 1650 2086 1735 electi

1965 332 2324 392 APPENDIX.

3653 346 3750 405 968

2188 452 2344 508 electi
2375 451 2469 506 tui.
2493 449 2687 521 Utique
2716 457 2919 524 tantum
2947 450 3290 522 gaudebunt,
3333 462 3570 524 quantum
3604 473 3739 515 ama-

2191 525 2347 588 bunt;
2404 530 2617 595 tantum_
2652 522 2953 595 amabunt,
3004 532 3270 593 quantum.
3310 522 3631 595 cognoscent.
3678 531 3742 586 Et

2188 602 2444 665 quantum
2475 604 2559 658 te,
2589 593 2849 659 Domine,
2880 603 3236 664 cognoscent,
3260 593 3507 665 quantum
3541 607 3590 653 te
3610 615 3745 654 ama-

2190 664 2359 718 bunt?
2385 665 2539 719 Certe
2565 679 2665 718 nec
2692 666 2880 719 oculus
2906 664 3074 731 vidit,
3102 681 3204 721 nec
3222 664 3366 720 auris
3392 666 3617 733 audivit,
3654 686 3744 726 nec

2190 734 2243 788 in
2269 750 2361 789 cor
2398 735 2633 789 hominis
2653 734 2894 808 ascendit
2919 734 2989 808 in
3019 735 3119 808 hac
3148 736 3285 803 vita,
3316 746 3567 808 quantum
3599 750 3646 796 te
3664 756 3745 796 co-
3774 743 3785 786 ἱ

2188 816 2445 875 gnoscent
2468 815 2522 859 et
2559 806 2813 860 amabunt
2836 806 2889 860 in
2918 805 3005 860 illa
3033 806 3163 860 vita.

2258 876 2365 948 0ro
2393 887 2444 931 te
2463 918 2496 948 ,_
2527 877 2664 930 Deus
2693 889 2844 948 meus
2862 917 2877 941 ,
2905 891 3223 947 cognoscam
3251 886 3303 933 te
3323 919 3339 943 ,
3371 893 3545 933 amem
3592 889 3672 948 te,
3696 892 3746 937 ut

2188 946 2534 1019 gaudeamide
2566 956 2647 1019 te;
2664 956 2734 1019 et
2757 947 2939 1019 sinon
2967 946 3183 1019 possum
3223 949 3279 1003 in
3306 948 3406 1003 hac
3431 950 3536 1003 vita
3560 950 3623 1005 ad
3650 946 3749 1019 ple-

2190 1016 2315 1101 nnm
2336 1058 2350 1082 ,
2384 1016 2763 1101 vel_proﬁcia‘m
2789 1016 2856 1101 de
2873 1017 2982 1100 .die_
2999 1018 3051 1072 in
3073 1017 3215 1101 diem
3235 1061 3251 1085 ,
3285 1019 3582 1101 usquedum
3600 1016 3752 1101 veniat

2192 1088 2318 1142 illud
2342 1088 2405 1142 ad
2433 1089 2667 1157 plenum.
2694 1086 2947 1143 Proﬁciat
2969 1089 3021 1143 in
3051 1103 3136 1144 me
3166 1089 3251 1144 hic
3270 1086 3460 1145 notitia
3487 1092 3595 1156 tui,
3619 1102 3669 1146 ut
3688 1092 3749 1147 ibi

2192 1161 2283 1212 ﬁat
2324 1159 2516 1226 plena;
2553 1168 2761 1213 crescat
2799 1159 2851 1213 in
2874 1174 2959 1213 me
2988 1159 3077 1213 hic
3102 1174 3255 1214 amor
3291 1169 3414 1215 tuus
3439 1202 3455 1226 ,
3485 1171 3543 1215 ut
3598 1162 3655 1217 ibi
3686 1164 3752 1218 sit

2192 1232 2412 1302 plenus;
2444 1240 2507 1302 ut;
2529 1229 2613 1283 hic
2627 1228 2876 1302 gaudium
2900 1245 3079 1284 meum
3108 1231 3177 1284 sit
3203 1230 3256 1285 in
3284 1246 3381 1301 spe
3420 1247 3671 1302 magnum,
3695 1243 3748 1287 et

2191 1300 2260 1355 ibi
2291 1301 2355 1373 in?
2384 1315 2441 1373 re
2461 1300 2694 1370 plenum.
2730 1300 2870 1373 Deus
2895 1316 3055 1356 verax
3075 1343 3089 1367 ,
3117 1310 3241 1373 peto
3266 1300 3329 1373 ut
3349 1300 3604 1373 accipiam
3622 1303 3748 1373 quod

2190 1369 2489 1439 promittis,
2518 1380 2575 1425 ut
2622 1369 2873 1440 gaudium
2917 1386 3097 1426 meum
3120 1369 3194 1427 Sit
3221 1369 3752 1442 plenumeedit'etur

2191 1441 2313 1495 inde
2342 1442 2552 1513 interim
2596 1456 2748 1495 mens
2775 1455 2927 1509 mea,
2952 1442 3199 1512 loquatur
3224 1441 3365 1498 inde
3397 1444 3579 1513 lingua
3611 1459 3715 1499 mea
3744 1486 3761 1509 ,

2189 1521 2334 1566 amet
2372 1512 2499 1566 illud
2527 1527 2621 1566 cor
2650 1527 2827 1567 meum
2849 1551 2866 1579 ,
2896 1513 3293 1569 sermocinetur
3319 1529 3384 1569 os
3408 1512 3587 1569 meum
3606 1555 3621 1578 ,
3646 1530 3763 1569 esu-

2190 1583 2291 1636 riat
2316 1582 2445 1637 illud
2472 1583 2649 1637 anima
2676 1598 2796 1638 mea
2818 1625 2834 1650 ,
2866 1583 3157 1639 sitiatillud
3181 1598 3307 1639 caro
3335 1600 3481 1650 mea,
3512 1584 3771 1639 desideret

2190 1654 2322 1726 illud
2351 1662 2460 1726 tota
2491 1653 2788 1726 substantia
2828 1670 2945 1709 mea
2966 1696 2982 1722 ,
3010 1654 3183 1710 donec
3219 1654 3418 1710 intrem
3449 1656 3502 1710 in
3531 1656 3769 1726 gaudium

2192 1724 2402 1779 Domini
2426 1724 2531 1781 mei
2562 1742 2576 1777 :
2608 1725 2697 1794 qui
2725 1735 2809 1782 est
2837 1726 3010 1781 trinus
3046 1734 3103 1782 et
3125 1741 3262 1783 unus
3289 1726 3435 1783 Deus
3464 1724 3768 1783 benedicuis

2190 1796 2245 1850 in
2271 1795 2488 1852 saecula.
2519 1796 2714 1852 Amen.

503 1727 608 1792 tui,
639 1743 728 1781 nec
756 1728 931 1780 oculus
942 1722 1081 1785 'vidit
1106 1767 1121 1791 ,
1149 1744 1237 1780 nec
1266 1726 1405 1779 auris
1430 1722 1621 1777 audivit
1645 1766 1659 1791 ,
1690 1739 1778 1776 nec
1803 1724 1854 1775 in
1877 1740 1963 1776 cor
1989 1722 2085 1775 ho-

501 1797 651 1850 minis
678 1798 901 1851 ascendit
930 1794 1085 1866 (Isai.
1119 1812 1243 1850 thv
1266 1836 1281 1861 ,
1312 1797 1374 1859 4;
1406 1795 1424 1849 Ι
1451 1792 1569 1849 Cor.
1602 1810 1675 1858 ιι,
1719 1793 1798 1861 9).
1838 1792 2085 1866 Nondum

505 1881 633 1937 ergo
663 1868 887 1938 cogitavi
915 1863 1009 1922 aut
1033 1867 1143 1921 dixi
1168 1908 1183 1931 ,
1216 1866 1439 1921 Domine
1458 1906 1472 1929 ,
1502 1874 1755 1934 quantum
1782 1863 2087 1935 gaudebunt

1450 2141 2108 2215 ADMONITIO
2174 2142 2289 2215 IN
2349 2143 2835 2217 LIBRUM

1335 2277 1465 2342 CUI
1508 2276 1858 2340 SPECULO
1898 2275 2179 2339 NOMEN
2213 2275 2693 2340 INSCRIPTUM
2734 2278 2904 2341 EST.

569 2426 683 2481 Non
716 2442 819 2483 una
846 2437 929 2483 est
951 2428 1073 2484 libri
1094 2429 1468 2499 subsequentis
1495 2427 1771 2497 inscriptio
1793 2426 1845 2481 in
1869 2427 2101 2497 antiquis
2123 2426 2418 2483 codicibus.
2447 2426 2763 2497 Appellatur
2786 2428 2841 2482 in
2885 2426 3153 2498 plerisque
3197 2426 3485 2498 Speculum
3520 2426 3634 2483 sive
3663 2426 3769 2482 lla-

496 2517 654 2573 nuale
673 2559 687 2581 ,
715 2516 878 2573 ducto
904 2517 1125 2575 forsitan
1155 2520 1309 2575 titulo
1337 2535 1404 2575 ex
1431 2520 1609 2575 verbis
1633 2518 1889 2584 auctoris,
1918 2517 1985 2572 ad
2008 2518 2177 2573 Deum
2206 2518 2420 2574 circiter
2440 2519 2602 2574 ﬁnem
2628 2519 2700 2574 ita
2723 2519 2987 2590 loquentis
3015 2538 3029 2575 :
3057 2519 3193 2575 Huic
3209 2520 3644 2591 deﬂentium:qu
3664 2537 3776 2589 ope-

494 2625 606 2663 ram
629 2609 745 2664 dedi
768 2652 784 2677 ,
815 2618 866 2663 ut
892 2611 1033 2666 breve
1061 2620 1107 2665 et
1137 2611 1383 2666 Manuale
1408 2611 1612 2665 verbum
1631 2625 1826 2664 mecum
1855 2609 1918 2664 de
1945 2619 1992 2664 te
2016 2626 2209 2681 semper
2237 2610 2470 2664 haberem
2492 2650 2508 2677 ,
2536 2626 2599 2665 ea:
2626 2614 2775 2683 cujus
2805 2612 3037 2677 lectione,
3065 2618 3259 2682 quoties
3299 2622 3500 2685 tepesco
3519 2653 3537 2679 ,
3568 2613 3621 2667 in
3643 2622 3776 2667 tum

491 2702 797 2756 reaccendar
824 2717 1067 2755 amorem.
1101 2701 1266 2757 Paulo
1293 2711 1414 2772 post
1442 2701 1572 2755 dicit
1598 2709 1787 2754 auctor
1807 2699 2120 2769 decerptum
2160 2715 2190 2754 a
2221 2714 2280 2755 se
2311 2699 2452 2756 hunc
2476 2701 2854 2757 sermunculum
2877 2743 2893 2769 ,
2926 2703 3002 2756 uti
3028 2701 3097 2758 de
3135 2703 3248 2759 Deo
3271 2703 3403 2757 sicut
3428 2702 3586 2758 corde
3624 2702 3773 2757 credit

501 2792 569 2846 ad
587 2793 842 2862 justitiam
861 2833 878 2861 ,
906 2794 978 2847 ita
999 2809 1086 2847 ore
1114 2794 1439 2863 conﬁteretur
1466 2793 1534 2845 ad
1558 2791 1792 2846 salutem.
1823 2790 1958 2845 Hinc
1988 2805 2093 2844 non
2119 2788 2300 2861 inepte
2328 2791 2380 2846 in
2406 2791 2772 2861 manuscripto
2811 2792 3129 2851 Parisiensis
3158 2794 3369 2865 collegii
3417 2792 3763 2852 Bernardino-

490 2899 612 2939 rum
642 2885 977 2953 inscribitur,
1009 2885 1248 2941 Libellus
1271 2884 1547 2939 catholica:
1575 2883 1718 2937 ﬁdei.
1744 2882 1800 2936 ln
1830 2898 1937 2953 quo
1965 2881 2125 2938 etiam
2144 2881 2599 2938 Bernardinorum
2622 2883 2809 2941 codice
2828 2885 3061 2941 alterum
3087 2885 3249 2945 habet
3293 2886 3542 2959 proxime
3586 2890 3761 2960 adjun-

496 2986 643 3033 ctum
668 2980 982 3051 opusculum
1004 2994 1125 3035 cum
1153 2980 1318 3035 hocce
1348 2977 1523 3044 titulo,
1554 2974 1832 3031 Confessio
1857 2984 2115 3047 quantum
2142 2974 2389 3031 Christus
2415 2976 2650 3032 humano
2675 2979 2862 3049 generi
2890 2980 3177 3037 subvenire
3201 2981 3450 3054 dignatus
3477 2994 3556 3039 est
3582 3003 3594 3038 :
3618 2983 3763 3054 quod

495 3073 684 3145 incipit
735 3076 787 3131 in
818 3076 961 3132 hunc
988 3075 1203 3131 modum
1220 3117 1233 3139 ,
1266 3074 1535 3146 Superiori
1561 3074 1883 3129 sermunculo
1909 3073 2234 3143 confessionis
2255 3074 2377 3144 ﬁdei
2406 3091 2559 3144 mea,
2586 3085 2693 3133 etc.
2725 3077 2852 3135 Hec
2879 3090 3057 3137 autem
3095 3084 3350 3153 opuscula
3378 3084 3487 3141 duo
3504 3086 3668 3142 nihilo
3691 3086 3775 3143 di-

492 3184 648 3225 versa
678 3179 805 3225 sunt
828 3186 858 3224 a
888 3170 1055 3240 prima
1078 3177 1132 3225 et
1155 3169 1388 3224 secunda
1420 3176 1569 3238 parte
1599 3166 1964 3222 Confessionis
1985 3166 2105 3222 ﬁdei
2131 3182 2252 3238 quae
2279 3167 2422 3224 Petri
2452 3169 2725 3227 Francisci
2773 3172 3028 3231 Chil‘ﬁetii
3072 3190 3198 3233 cura
3216 3218 3233 3245 ,
3278 3178 3380 3234 sub
3406 3180 3620 3237 Alcuini
3686 3198 3781 3237 no-

487 3260 632 3316 mine
660 3269 884 3331 quatuor
910 3262 1166 3318 instructa
1196 3260 1435 3331 partibus
1466 3259 1660 3330 prodiit
1688 3275 1753 3316 ex
1779 3258 2081 3315 Boheriano
2098 3261 2410 3332 exemplari.
2443 3262 2778 3334 Scripturam
2804 3269 3124 3338 exemplaris
3152 3270 3310 3342 hujus
3340 3273 3623 3331 Boheriani
3645 3293 3781 3349 pro-

488 3352 634 3407 xime
649 3354 903 3409 accedere
932 3353 999 3408 ad
1027 3364 1235 3422 tempus
1257 3350 1437 3407 Caroli
1461 3352 1653 3422 Magni,
1685 3366 1785 3407 nec
1812 3351 2009 3407 szeculo
2028 3366 2171 3407 nono
2191 3354 2543 3423 posteriorem
2570 3355 2760 3424 videri,
2781 3366 3046 3415 testantur
3059 3360 3158 3416 viri
3182 3362 3265 3417 rei
3288 3362 3558 3420 litteraria
3588 3368 3784 3435 peritia

494 3443 818 3510 clarissimi,
848 3445 939 3515 qui
960 3444 1026 3499 ad
1042 3443 1336 3499 faciendam
1367 3443 1435 3498 de
1456 3443 1559 3498 hoc
1584 3443 1700 3512 ipso
1731 3442 1888 3497 ﬁdem
1911 3485 1927 3509 ,
1961 3444 2314 3500 instrumento
2344 3446 2487 3501 edito
2508 3447 2562 3502 in
2587 3447 2839 3505 Veterum
2865 3451 3417 3521 Analectorumtomo
3445 3455 3600 3527 1(ubi
3628 3459 3783 3527 plura

487 3537 542 3591 in
571 3534 707 3590 hanc
739 3551 851 3591 rem
875 3533 1233 3607 disseruntur)
1262 3533 1714 3604 subscripserunt.
1748 3534 2082 3605 Quapmpter
2105 3549 2226 3606 quae
2252 3536 2598 3608 subsequenti
2636 3540 2869 3611 Speculo
2900 3541 3065 3614 (quod
3108 3560 3302 3617 nempe
3351 3547 3484 3603 nihil
3524 3549 3680 3606 aliud
3705 3560 3783 3607 est

486 3628 591 3684 nisi
622 3627 986 3695 Confessionis
1035 3626 1305 3697 praedictae
1340 3641 1463 3696 pars
1490 3626 1682 3697 prima)
1714 3626 1889 3681 inesse
1928 3626 2267 3697 reperiuntur
2293 3631 2598 3687 communia
2647 3648 2769 3689 cum
2823 3635 3255 3696 Meditationibus
3308 3640 3397 3695 hic
3425 3642 3590 3712 paulo
3616 3660 3779 3717 supra

485 3723 699 3777 excusis
718 3761 734 3787 ,
777 3737 839 3776 ea
870 3736 975 3774 non
1003 3737 1031 3774 ει
1058 3719 1483 3775 Meditationibus
1513 3720 1567 3773 in
1595 3718 1884 3789 Speculum
1911 3759 1926 3783 ,
1958 3720 2052 3774 sed
2081 3735 2112 3774 a
2140 3719 2370 3790 Speculo
2396 3724 2571 3792 potius
2600 3724 2654 3780 in
2700 3725 3105 3799 Meditationes,
3148 3746 3281 3802 quas
3318 3731 3534 3791 decimo
3578 3740 3782 3796 saeculo

485 3813 811 3884 posteriores
842 3826 961 3868 esse
985 3811 1183 3883 liquet,
1226 3810 1499 3866 derivasse
1523 3811 1814 3882 putandum
1845 3819 1947 3866 est.
1979 3809 2245 3868 Caeterum
2273 3815 2433 3870 verba
2455 3825 2509 3871 et
2546 3820 2839 3876 sententias
2869 3820 2959 3878 hic
2987 3838 3097 3878 non
3124 3839 3196 3881 ex
3238 3827 3520 3897 Augustini
3570 3839 3780 3889 tantum

488 3906 640 3962 libris
663 3949 678 3974 ,
702 3914 793 3961 aut
820 3905 1065 3976 Gregorii
1094 3914 1149 3960 et
1173 3902 1358 3959 lsidori
1378 3943 1394 3970 ,
1422 3902 1517 3959 sed
1545 3904 1704 3958 etiam
1735 3920 1799 3959 ex
1832 3902 1997 3997 ipsius
2024 3904 2232 3961 Alcuini
2262 3906 2639 3977 scriptionibus
2666 3911 2785 3969 aliis
2813 3911 3093 3986 decerptas
3120 3917 3471 3976 observamus
3502 3938 3655 3994 :quo
3688 3942 3782 3997 po-

492 3999 757 4055 tissimum
787 4005 1117 4081 argumento
1146 4012 1452 4061 moramur,
1485 3998 1770 4067 quominus
1800 3996 1852 4051 id
1881 3997 2060 4067 operis
2086 3997 2296 4054 Alcuini
2318 4014 2438 4057 esse
2466 4002 2838 4062 incunctanter
2864 4007 3215 4068 aiﬁrmemus.
3242 4012 3599 4075 Emendando
3640 4019 3778 4093 Spe-

486 4093 609 4149 culo
632 4135 648 4161 ,
678 4103 874 4163 praeter
902 4091 1235 4147 Parisienses
1258 4089 1473 4145 codices
1502 4089 1837 4146 bibliothecae
1861 4087 2185 4146 Colbertinaa
2213 4099 2269 4148 et
2295 4092 2507 4165 collegii
2528 4094 2980 4157 Bernardinorum
2998 4141 3016 4170 ,
3038 4102 3381 4164 adhibuimus
3400 4109 3567 4166 etiam
3595 4087 3780 4170 Bolae-

483 4189 620 4245 riani
641 4186 960 4260 exemplaris
981 4186 1365 4258 apographum.

500 4314 3779 4356 __________________~____________

1459 4404 2768 4585 SPECULUM,

1630 4627 2106 4739 LIBER
2182 4631 2298 4735 Π
2284 4633 2401 4739 Ν
2409 4633 2626 4747 U'S.

1998 4808 2241 4881 θθθθὲὓῧ

552 4943 1115 5023 αλιξυτιιξιιιιωιιε,
1140 4940 1411 5023 invocatio
1459 4938 1528 5023 ad
1572 4946 1803 5023 sanctam
1840 4934 2063 5023 Trinita-
2170 4956 2334 5023 mea:2
2367 4955 2526 5023 quam
2552 4941 3135 5023 decussisignorantia;
3154 4953 3392 5011 tenebris
3421 4956 3492 5012 ad
3516 4960 3771 5021 νει-ηεαδ

480 5029 599 5073 tem.
656 5017 728 5086 (a)
778 5015 975 5088 Adesto
1026 5014 1426 5088 mihi‘,_verum
1471 5010 1684 5088 Inmen,
1738 5008 1878 5088 Deus
1908 5008 2063 5088 Pater
2167 5008 2572 5088 intelligentiam
2589 5008 2880 5088 perduxisti
2911 5035 3109 5088 :quam
3140 5008 3268 5079 tulta
3296 5008 3775 5088 ‘ta‘scilisiﬁiiti;

480 5035 599 5073 tem.
656 5035 728 5086 ta)
778 5035 975 5070 Λαβειο
1026 5035 1186 5078 mnu,
1241 5035 1426 5069 verum
1472 5035 1684 5075 iumen,
1740 5035 1878 5063 unus
1908 5035 2063 5063 ratur
2167 5035 2925 5082 ιιιιεςιιιδειιιιίιιιιρει-αυῐιὸιιε
2984 5036 3109 5076 nam
3140 5035 3268 5079 tutta
3301 5035 3485 5082 muli
3502 5035 3774 5088 amaritu-

479 5084 1067 5169 9.““."P°‘e“.§.-..Ad°.§‘9
1096 5085 1255 5169 "33"",
1283 5077 2058 5169 γθτηειὶέξξιξιετη,ξεέιξηὲίξῑεν
2167 5082 2314 5169 diﬂ‘?’
2340 5092 2396 5169 ei
2423 5035 3178 5169 ίυεθ..9ἐ¹³τί¹³ιί³,ςξιᾌρθςὶίυς
3221 5094 3479 5166 adhibita.
3510 5113 3774 5169 sapor-am

481 5150 712 5235 Verbum
734 5198 749 5222 ,
772 5154 939 5235 Filius
969 5152 1096 5219 Dei,
1124 5150 1268 5235 Deus
1290 5153 1655 5235 omnipotens.
1685 5150 2057 5235 Adestomihi,
2164 5152 2297 5235 mihi
2340 5162 2396 5208 et
2441 5154 2751 5235 mellilluam
2789 5158 3122 5235 reddidistis.
3150 5150 3489 5235 ,πνοαί-ὧι,
3512 5150 3776 5231 ἷῧῶὶέ

476 5246 604 5286 vera
640 5218 1193 5313 “mw-latio,-
1213 5218 2060 5313 Spinitusiga‘tris-et‘nFiliiJuni:
2163 5223 2659 5313 beagtaivoxgclara
2686 5235 2743 5313 et
2762 5228 3007 5311 sincerus
3032 5218 3381 5313 clamorlidei

2164 5296 2232 5347 ab
2261 5294 2391 5365 ipsis
2434 5294 2565 5351 mihi
2604 5299 2876 5356 enutriens
2902 5303 3179 5360 cunabulis
3203 5294 3771 5386 illuminasti

2228 5408 2331 5479 fsic
2354 5409 3766 5479 potioresuss.a,

2160 5468 3763 5559 ἐξιετέιὲμὲμᾟέςὲὲιῑοὲἱξεξδίυςηιδιξέἐιζῐᾶὲιιῖὼῖῐῑῖῶ

2162 5530 2224 5583 tle
2484 5530 2770 5600 ignominiae
2791 5534 3018 5598 latebris,
3051 5539 3118 5590 ad

2265 5816 2289 5843 .,
2360 5797 2407 5833 ta
2578 5818 2590 5831 .
2704 5820 2715 5833 .

2314 5816 2407 5843 ιἰκο
2428 5816 2590 5832 sum.
2661 5816 2715 5833 171,
3774 5828 3775 5833 ‘

478 5314 575 5365 tas,
635 5296 917 5365 sanctitas,
962 5290 1415 5365 charitas,'_l)eus
1458 5293 1814 5365 omnipotens.
1863 5290 2062 5365 A_d_esto

473 5359 635 5437 mihi,
658 5386 692 5425 o
718 5382 820 5424 una
846 5359 1109 5427 Trinitas,
1140 5372 1194 5419 et
1217 5359 1356 5437 trina
1382 5362 1590 5437 unitas,
1611 5359 1779 5415 Pater
1807 5369 1863 5437 et
1891 5359 2061 5416 Filius

473 5454 525 5499 et
549 5430 776 5512 Spiritus
798 5444 1046 5512 sanctus,
1079 5450 1215 5490 unus
1257 5434 1399 5512 Deus
1426 5432 1802 5512 .9m_ni'p_ot.ens.
1843 5430 2061 5512 invocat

474 5523 547 5577 te,
573 5501 813 5576 Domine,
840 5507 973 5563 ﬁdes
992 5521 1132 5573 mea,
1159 5520 1318 5576 quam
1343 5501 1535 5559 dedisti
1556 5501 1691 5577 mihi
1721 5510 1945 5577 propter:
1960 5502 2058 5556 bo-

474 5571 694 5640 nitatem
725 5571 869 5637 tuam
913 5577 980 5634 ad
1026 5571 1253 5654 salutem
1304 5589 1501 5654 meam.
1554 5571 1767 5654 Invocat
1798 5581 1848 5627 te
1872 5613 1887 5639 ,
1917 5573 2059 5654 Deus

473 5669 660 5721 meus,
698 5661 842 5708 casta
888 5648 1217 5706 conscientia
1238 5661 1393 5712 mea,
1426 5652 1481 5701 et
1524 5643 1701 5699 suavis
1728 5658 1880 5698 amor
1936 5643 2055 5699 ﬁdei

537 5786 609 5853 (a)
644 5788 714 5838 Sic
736 5787 898 5849 incipit
920 5786 1155 5838 invocatio
1179 5782 1362 5837 Alcuini
1382 5788 1489 5846 post
1513 5780 1665 5833 libros
1685 5780 1750 5832 de
1768 5780 2015 5832 trinitate.
