3842 6266
62 402 170 462 1009

60 515 214 572 etenim
245 523 355 583 quae
386 510 467 583 vel
509 508 894 583 Oppositionem
915 506 1457 583 velicontrariet‘atem
1483 506 1567 561 vel

60 578 273 643 accidens
284 578 591 651 suscipiunt,
619 579 755 633 nulla
781 578 985 632 ratione
1010 579 1118 632 Deo
1143 578 1356 651 proprie
1372 593 1571 651 conve-

60 660 191 712 niunt.
232 648 532 724 lgituricum
574 652 778 704 ratione
816 648 1157 724 repugnante
1183 648 1312 724 nihil
1354 649 1419 703 de
1461 649 1572 703 Deo

60 727 229 798 proprie
254 720 406 798 'loqui
454 724 759 798 valeamus,
810 721 999 775 saltem
1046 720 1333 790 improprie
1378 728 1434 775 et
1478 734 1573 788 per

60 793 371 866 anigmafade
389 793 631 866 κρυ-[οαυί
658 801 975 866 satagamus.

110 861 300 921 CAPUT
336 863 420 915 IV.
455 861 600 916 Mens
635 864 820 916 animo:
859 861 1135 931 speculum.
1168 861 1393 917 Scientia
1439 861 1574 914 unde

60 938 181 992 nobis.
238 934 532 1003 Spiritualia
580 934 680 1002 ﬁde
738 933 954 1003 attingi,
1002 949 1104 986 non
1144 933 1356 1003 ratione.
1404 931 1574 1003 Spiri-

60 1021 209 1061 tusm:
233 1001 381 1059 modis
417 1006 469 1057 in
510 1001 778 1073 Scriptura
805 1001 1009 1058 dicitur.
1045 1004 1161 1057 Aer.
1199 1001 1405 1073 Ventus.
1452 1001 1572 1056 Vita

61 1080 282 1132 lautorum.
324 1076 459 1128 Disc.
504 1072 733 1129 Evidens
770 1073 983 1143 quidem
1028 1074 1165 1128 ratio
1202 1072 1361 1128 docet
1406 1074 1572 1127 Deum

61 1148 257 1201 humanis
281 1146 449 1200 verbis
477 1146 827 1199 inedicibilem
849 1185 864 1209 ,
898 1145 991 1200 sed
1022 1145 1393 1199 intellectualis
1420 1159 1572 1198 mens

62 1218 274 1272 inhianter
291 1216 552 1269 desiderat
570 1231 691 1275 eum
714 1216 813 1270 sibi
842 1225 1125 1285 utcumque
1154 1216 1266 1269 lieri
1291 1215 1569 1284 cognosci-

62 1290 206 1351 bilem;
237 1301 347 1356 quae
385 1301 536 1340 mens
574 1288 741 1341 instar
777 1287 975 1355 speculi
1016 1287 1205 1340 animae
1248 1286 1487 1351 videtur,
1520 1286 1573 1339 in

62 1375 137 1428 quo
161 1360 305 1428 ipsam
333 1357 617 1428 imaginem
641 1357 908 1428 Creatoris
935 1359 1014 1411 sui
1036 1357 1445 1425 contempletur.

114 1428 223 1482 ΜΑο.
252 1426 494 1482 Universa
523 1442 641 1497 qua:
681 1428 731 1481 in
760 1427 920 1482 rebus
945 1429 1137 1481 creatis
1167 1428 1411 1481 novimus
1434 1468 1449 1493 ,
1479 1441 1576 1495 per

62 1514 292 1567 corporeus
315 1513 500 1551 sensus
526 1498 892 1567 cognovimus.
923 1499 987 1552 Et
1012 1513 1075 1553 ea
1102 1498 1313 1568 quidem
1336 1513 1455 1568 quae
1476 1512 1575 1551 nec

65 1570 148 1622 visu
180 1584 268 1621 nec
309 1570 633 1638 experientia
674 1568 955 1623 didicimus
976 1610 989 1632 ,
1020 1584 1114 1637 per
1149 1567 1575 1638 comparationes

64 1640 243 1719 visorum
266 1639 350 1719 _ve_l
384 1648 725 1719 expc'rtortim
752 1639 1034 1719 discimus,
1068 1648 1124 1692 ut
1149 1654 1267 1707 quae
1293 1638 1575 1719 debestiis

66 1710 121 1762 vel
141 1710 307 1779 ignotis
332 1708 636 1764 hominibus
665 1710 923 1779 legimus;
947 1725 1066 1779 quae
1095 1719 1271 1764 autem
1303 1709 1455 1763 nobis
1483 1724 1574 1777 pe-

66 1780 169 1832 nitus
186 1781 451 1846 incognita,
482 1796 577 1849 per
605 1781 1029 1850 comparationes
1052 1789 1205 1834 notas
1235 1795 1340 1833 non
1370 1779 1571 1850 signiti-

64 1861 233 1916 cantur,
259 1866 517 1920 nunquam
552 1866 771 1919 prorsus
809 1852 1044 1905 scientiae
1072 1859 1267 1905 nostrae
1298 1851 1577 1904 notiiican-

65 1930 137 1973 tur.
174 1921 230 1975 Et
268 1921 382 1976 ideo
410 1922 529 1990 quia
574 1921 871 1990 spiritualia
902 1922 1055 1976 nobis
1085 1931 1209 1975 sunt
1252 1920 1533 1975 invisibilia
1560 1961 1573 1985 ,

65 2000 183 2060 atque
206 1995 460 2059 corporeis
504 1993 753 2048 sensibus
795 1992 1266 2061 incomparabilia,
1308 2006 1577 2060 nunquam

68 2072 183 2115 erunt
204 2062 344 2117 nobis
367 2063 543 2131 aliqua
575 2065 785 2117 ratione
816 2063 1127 2131 probabilia.
1152 2064 1284 2128 Quia
1311 2077 1439 2116 vero
1465 2061 1580 2116 haec

66 2142 223 2186 constat
239 2149 369 2199 esse,
397 2134 491 2187 sed
524 2148 620 2203 per
639 2133 832 2188 similia
860 2134 1072 2189 edoceri
1093 2141 1396 2203 nequeunt,
1419 2131 1578 2187 ﬁdem

67 2208 216 2256 tantum
238 2205 557 2258 credentium
584 2206 820 2274 exigunt.

117 2274 230 2328 Disc.
260 2274 380 2341 Qua:
408 2276 544 2328 ratio
570 2276 898 2345 argumentis
937 2274 1158 2344 probat,
1191 2288 1492 2343 quanquam
1525 2274 1580 2328 in

68 2348 398 2412 comparatione
447 2346 736 2413 deﬁciant,
795 2362 1015 2401 necesse
1069 2356 1151 2399 est
1202 2354 1257 2398 ut
1307 2345 1582 2399 rationalis

70 2414 239 2538 agisque
264 2416 475 2471 credere
516 2432 627 2470 non
665 2427 855 2471 renuat
892 2436 903 2470 :
940 2427 992 2470 tu
1022 2424 1227 2470 tantum
1255 2415 1431 2484 profer
1456 2414 1583 2485 quid

136 2486 373 2538 sniritibus
398 2487 677 2538 sciendum
704 2488 797 2538 tibi
823 2489 958 2538 ratio
990 2489 1190 2538 innuat.

136 2486 373 2554 spiritibus
398 2487 677 2542 sciendum
704 2488 797 2541 tibi
823 2489 958 2542 ratio
990 2489 1190 2541 innuat.

117 2554 227 2627 Mite.
255 2558 351 2610 Sex
378 2558 553 2612 modis
578 2557 633 2611 in
658 2557 947 2627 Scripturis
973 2558 1190 2627 spiritus
1216 2556 1580 2611 substantiali-

72 2633 127 2679 ter
141 2626 244 2691 ilici,
265 2642 364 2681 non
394 2629 577 2683 nescio
601 2644 631 2682 a
655 2626 805 2683 vobis
827 2630 969 2683 sciri.
999 2626 1179 2682 Primo
1205 2642 1446 2681 summus
1469 2643 1583 2681 om-

72 2696 176 2769 liillm
212 2697 337 2751 Deus
366 2700 584 2768 spiritus
623 2700 945 2769 appellatur,
990 2708 1047 2753 ut
1092 2698 1161 2753 ibi
1204 2715 1216 2751 :
1262 2697 1485 2769 Spiritus
1511 2706 1584 2752 est

74 2763 199 2840 Dius;
223 2778 264 2820 et
283 2770 365 2839 qui
392 2763 612 2840 adorant
639 2763 749 2824 eunt
773 2813 789 2838 ,
824 2772 879 2823 in
917 2763 1098 2840 spiritu
1137 2763 1330 2840 oportet
1371 2768 1587 2823 adorare

73 2834 311 2910 (βραψινζ
341 2840 450 2909 24).
485 2839 736 2895 Secundo
766 2834 1492 2910 angeli'spiritusidieuntur,
1528 2847 1586 2910 ut

74 2904 119 2981 i_bi
155 2925 174 2981 εΔ
200 2909 288 2973 Qui
328 2904 443 2980 facit
490 2910 701 2981 angelos
740 2904 861 2966 suo;
896 2904 1103 2981 spiritus
1145 2909 1317 2979 (Psal.
1346 2924 1475 2981 cut,
1504 2908 1582 2981 4).

74 2974 208 3051 Tertio
238 2974 415 3036 animm
454 2974 676 3051 spiritus
721 2974 1091 3051 nuncupantur
1115 3023 1129 3045 ,
1154 2974 1228 3035 ἰιι
1248 2982 1335 3051 ibi
1369 2999 1380 3032 :

72 3047 227 3121 spiritus
243 3052 364 3121 ejus,
396 3065 441 3107 et
467 3047 593 3106 caro
616 3064 884 3106 revertetur
902 3047 963 3106 in
1000 3062 1184 3107 terram
1212 3049 1380 3121 (Psal.
1412 3066 1582 3118 CXLV,

73 3116 123 3187 ι).
140 3116 313 3191 Quarto
343 3116 442 3177 vita
468 3125 751 3178 brutorum
774 3124 1078 3177 animalium
1104 3116 1320 3191 spiritus
1344 3116 1582 3186 vocatur,

70 3196 107 3264 ut
139 3188 195 3243 ibi
236 3209 247 3243 :
292 3192 409 3258 Quis
451 3194 557 3249 scit
602 3195 645 3247 si
683 3194 891 3262 spiritus
925 3188 1273 3264 jumentorum
1317 3192 1587 3264 descendat

73 3258 253 3314 deorsum
276 3264 461 3337 (βασις.
494 3281 580 3330 ιιι,
612 3258 741 3337 21)’ἳ
765 3258 961 3337 Quinto
980 3264 1122 3337 venii
1152 3262 1398 3337 dicuntur
1424 3262 1584 3337 spii'i-

78 3336 165 3414 £115,
194 3343 244 3386 ut
277 3333 343 3389 ibi
379 3354 399 3414 :_
422 3333 1017 3414 Spiritusprocellaruui
1045 3333 1217 3414 (θεαί.
1244 3347 1437 3386 CXLVIII
1462 3374 1475 3395 ,
1508 3333 1582 3414 8).

78 3398 195 3455 Sexto
220 3419 303 3459 aer
326 3398 539 3475 spiritus
566 3398 836 3473 scribitur,
868 3415 923 3459 ut
944 3406 1013 3459 ibi
1044 3398 1073 3475 εί
1090 3403 1159 3475 0s
1180 3419 1345 3456 meum
1373 3398 1582 3475 aperui,

78 3480 107 3549 et
126 3476 282 3549 attraxi
307 3473 536 3546 spiritum
558 3476 929 3549 (Psal.cxvm,
963 3473 1107 3549 l5l).
1128 3474 1363 3541 Quorum
1394 3473 1587 3549 delini-

78 3543 127 3616 εἰς)
143 3544 238 3599 talis
263 3543 339 3601 est
370 3567 382 3601 :
413 3551 520 3602 Aer
539 3543 625 3603 est
648 3548 863 3616 spiritus
890 3543 1116 3609 sensili’s,
1146 3560 1254 3599 non
1275 3543 1584 3616 sensibilis;

77 3610 111 3663 id
139 3623 236 3687 est,
272 3632 421 3687 quem
466 3634 566 3673 nos
612 3610 925 3673 attrahendo
967 3618 1225 3672 sentimus
1248 3658 1264 3682 ,
1308 3615 1421 3687 ipse
1456 3614 1586 3668 nihil

78 3685 278 3755 sentiens,
291 3685 500 3744 cunctis
524 3699 702 3744 tamen
728 3691 826 3744 sub
846 3691 984 3745 caelo
1002 3687 1296 3743 viventibus
1318 3686 1587 3755 spiramen

78 3754 295 3811 exhibens.
324 3759 522 3815 Ventus
562 3761 781 3830 spiritus
807 3771 891 3816 est
930 3777 1022 3815 aer
1045 3801 1058 3823 ,
1096 3760 1185 3812 Dei
1215 3754 1381 3823 nutu,
1410 3758 1588 3826 aliquo

79 3830 419 3900 motuagitatus
442 3874 455 3895 ,
493 3833 741 3899 procellis
766 3847 1021 3900 aquarum
1055 3837 1427 3900 augmentatus
1450 3842 1589 3900 ,Apet'

78 3897 257 3970 anguiica
283 3897 570 3956 ministeria
601 3897 857 3956 excitatus
880 3942 895 3966 ,
931 3917 1026 3970 per
1055 3899 1239 3970 eadem
1282 3898 1589 3970 tranquilla-

79 3968 150 4017 tus.
176 3968 276 4023 Vita
296 3971 567 4026 brutorum
591 3974 895 4026 animalium
921 3968 1003 4026 est
1026 3969 1241 4038 spiritus
1262 3968 1436 4023 vitalis
1460 3982 1589 4021 con-

78 4040 264 4112 stansde
288 4057 406 4097 aere
432 4052 485 4098 et
513 4046 769 4112 sanguine
793 4085 808 4108 ,
837 4043 1081 4097 animalis
1104 4081 1119 4105 ,
1148 4039 1424 4112 invisibilis
1447 4079 1461 4101 ,
1496 4038 1589 4092 sed

79 4109 309 4178 sensibilis,
332 4109 642 4168 memoriam
674 4113 873 4168 habens
896 4155 912 4181 ,
943 4113 1036 4168 sed
1064 4110 1335 4167 intellectu
1360 4123 1547 4163 carens
1570 4150 1586 4174 ,

78 4188 165 4251 Cum
190 4196 333 4238 carne
357 4185 615 4251 moriens,
644 4185 697 4238 in
723 4201 845 4239 aera
872 4199 1214 4239 evanescens.

127 4248 317 4325 CglPUT
358 4256 417 4309 V.
473 4248 659 4309 Anima
709 4255 991 4325 intelligens
1046 4254 1166 4325 quid
1218 4252 1300 4325 sit.
1348 4249 1441 4304 Est
1489 4251 1591 4325 vita

77 4322 306 4395 sensibilis,
343 4328 626 4391 mutabilis,
654 4322 905 4393 illocalis}
939 4322 1219 4395 passibilis;
1253 4323 1361 4376 sine
1387 4323 1590 4395 quanti-

78 4395 166 4452 late,
193 4394 339 4463 ﬁgura
364 4399 436 4451 vel
474 4400 660 4452 colore.
702 4392 897 4451 Anima
934 4392 1061 4450 vero
1100 4395 1329 4465 spiritus
1341 4401 1429 4465 _est
1469 4392 1593 4447 sub-

77 4465 223 4540 Siatuia
248 4466 568 4536 incorporea,
598 4469 838 4538 corporis
866 4466 1099 4540 suivita,
1130 4463 1439 4540 invisibilis,
1468 4479 1591 4518 sen-

77 4529 223 4597 sibilis,
244 4529 517 4605 mutabilis,
544 4529 784 4604 illocalis,
809 4529 1093 4605 passibilis,
1122 4551 1220 4591 nec
1239 4535 1591 4605 quantitatum

78 4610 313 4680 mensulae,
337 4626 430 4663 nec
454 4610 764 4680 qualitatum
792 4604 977 4680 forma;
1004 4610 1083 4680 vel
1111 4604 1305 4680 coloris
1330 4605 1591 4680 suscepti-

198 4676 251 4750 ‘_:
278 4664 616 4747 memorialis,
640 4680 934 4750 rationalis,
959 4676 1348 4750 intellectualis,
1377 4664 1594 4750 immor-

80 4741 193 4822 ἔφηῆ
217 4746 274 4800 Εῑ
308 4765 372 4822 ne
413 4751 527 4806 haec
554 4741 766 4806 vacillet
790 4741 1030 4804 deﬁnitio
1049 4791 1062 4813 ,
1093 4749 1227 4822 ratio
1256 4762 1373 4822 eam
1402 4747 1592 4822 proha—

81 4815 265 4870 tionibus
302 4820 531 4876 roboret.
578 4824 766 4876 Anima
808 4828 892 4875 est
934 4820 1223 4888 spiritualis
1266 4817 1589 4884 substantia;

79 4890 203 4937 omne
242 4890 373 4945 enim
417 4892 557 4962 quod
608 4893 696 4946 alii
750 4892 920 4962 vitam,
960 4890 1368 4951 subministrat,
1420 4888 1593 4962 ipsum

80 4962 257 5028 necesse.
294 4971 372 5015 est
407 4959 463 5017 ut
497 4963 750 5018 subsistat
787 4982 800 5017 :
836 4961 929 5016 sed
973 4963 1145 5015 anima
1186 4962 1347 5013 vitam
1385 4959 1595 5027 corpori

81 5022 225 5101 lubuit
260 5048 271 5081 :
309 5032 461 5101 igitur
495 5035 669 5088 anima
714 5033 929 5088 realiter
973 5032 1231 5086 subsistit.
1278 5029 1426 5083 Hanc
1466 5022 1596 5084 vero

82 5100 204 5176 ﬂuuit
225 5100 578 5172 esse’ipsamet
606 5104 813 5176 probat,
836 5104 959 5158 dum
988 5102 1265 5176 praesentia
1283 5115 1381 5176 _s_ua
1402 5115 1597 5176 corpus

86 5164 305 5242 viiiiicat,
345 5164 578 5229 absentia
606 5164 715 5231 'sua
761 5164 899 5229 idem
940 5164 1242 5228 m'ortiﬁcat.
1282 5171 1407 5225 Haec
1445 5164 1598 5242 nobis

84 5236 253 5314 ηρίᾱεω
273 5252 347 5296 est
367 5246 665 5309 invisibilis,
685 5245 778 5301 sed
800 5245 1074 5314 Spiritibus
1094 5253 1178 5299 est
1197 5241 1437 5314 visibilis.
1452 5241 1599 5296 Hanc

83 5310 207 5386 etiam
232 5315 519 5371 sensibilem
559 5333 678 5372 esse
704 5310 948 5383 cons-tat,
979 5316 1106 5371 dum
1144 5314 1312 5369 oculis
1349 5313 1595 5386 colores,

83 5378 258 5457 furibus
276 5397 447 5453 sonos,
471 5390 685 5443 naribus
714 5378 942 5451 odores,
963 5388 1136 5457 palato
1163 5398 1400 5457 sapores,
1430 5378 1601 5436 mani-

84 5439 168 5531 ἱέμε.
193 5463 365 5531 aspera
405 5439 682 5515 vel—Vileniﬁa‘
718 5439 927 5531 sentire
962 5439 1198 5531 prmstat.
1227 5439 1601 5531 'Est__quoque

85 5520 309 5600 Ἦυξθμῇζίε
335 5541 351 5580 :
374 5542 529 5584 omne
552 5531 693 5585 enim
723 5529 865 5600 quod
896 5520 1164 5599 peioratur
1189 5535 1243 5582 et
1269 5520 1599 5600 meiioraiur,

86 5589 293 5669 Tuiahile
320 5607 428 5663 est;
458 5600 549 5655 sed
589 5589 762 5655 anima
804 5589 945 5654 vitiis
958 5589 1251 5669 'pejoratur
1272 5635 1289 5662 ,
1319 5589 1601 5669 virtutibus

87 5656 379 5738 melioratur;
409 5656 560 5738 igitur
584 5671 853 5726 mutabilis
888 5656 999 5724 est:
1024 5656 1119 5722 Est
1143 5656 1302 5722 etiam
1330 5666 1551 5721 illocalis
1586 5683 1600 5720 :

89 5735 214 5783 omne
247 5736 377 5791 enim
408 5735 546 5809 quod
572 5743 688 5799 loco
715 5741 1000 5797 includitur
1025 5782 1040 5808 ,
1068 5738 1349 5795 altitudine
1372 5780 1388 5807 ,
1418 5738 1599 5793 latitu-

140 5868 155 5899 ⁸
179 5876 225 5921 ιη
241 5879 358 5938 Mss,
380 5880 729 5942 quamdam..."
1079 5877 1236 5931 colore
1275 5876 1604 5941 susceptibilis.

1009 387 1211 442 LIBER
1250 388 1338 444 DE
1377 388 1785 447 COGNITIONE
1828 391 2035 449 VERE
2066 396 2266 451 VITA‘I.

3124 400 3261 460 1010

1678 505 1803 588 dine
1823 551 1838 576 ,
1868 510 2196 588 longitudine
2224 515 2363 588 aeris
2388 516 2841 573 circumscribitur
2861 559 2877 584 ,
2916 532 3113 588 corpus
3135 527 3253 583 est;

1676 578 1769 632 sed
1806 582 1941 635 ratio
1964 578 2158 638 'docuit
2198 585 2429 658 animam
2460 588 2824 658 incorpoream
2862 578 2984 643 esse
3008 578 3027 652 ξ
3053 590 3105 642 id
3131 578 3255 654 est,

1677 664 1779 703 nec
1816 667 2009 721 corpus
2053 670 2153 709 nec
2193 656 2409 727 aliquod
2458 656 2751 713 membrum
2806 659 3046 722 habere;
3101 660 3259 727 igitur

1677 731 1886 776 constat
1915 739 2031 777 eam
2054 740 2175 780 esse
2206 725 2489 782 illocalem.
2518 728 2631 782 Non
2663 731 2803 783 enim
2827 730 3055 797 spatium
3080 725 3220 782 aeris
3244 769 3258 793 ,

1678 798 1736 870 u_t
1765 808 1988 870 corpus,
2014 804 2276 870 occupat,
2312 814 2409 852 nec
2433 813 2627 868 corpus
2646 842 2661 863 ,
2687 808 2744 854 ut
2769 816 2902 870 aqua
2934 808 3127 861 utrem,
3158 799 3260 851 im-

1679 861 1820 929 plet;
1849 861 1942 919 sed
1970 874 2026 919 ut
2051 861 2196 921 calor
2221 878 2331 921 toto
2354 870 2457 937 igni
2485 861 2765 926 illocaliter
2794 861 2950 933 inest,
2981 873 3051 923 ita
3080 870 3259 923 anima

1679 940 1847 1013 totum
1873 950 2082 1013 corpus
2097 937 2604 1013 illocaliteriinplet.
2639 940 2777 1013 Ignis
2802 941 3029 1013 quidem
3058 941 3259 1013 est‘vi-

1677 1002 1868 1080 sibiiis,
1884 1002 1981 1080 sed
2003 1008 2149 1062 calor
2186 1002 2556 1080 invisibilis-et
2599 1002 2865 1066 sensibilis
2888 1054 2902 1077 ,
2940 1020 2994 1065 et
3028 1010 3258 1080 quodam

1677 1074 1838 1147 modo
1886 1078 2062 1147 ignem
2109 1077 2383 1135 viviﬁcans
2426 1099 2437 1133 :
2482 1080 2551 1134 ita
2594 1082 2770 1136 anima
2815 1074 3133 1145 invisibilis,
3162 1080 3258 1136 sed

1677 1145 1978 1220 sensibilis,
2026 1149 2234 1220 visibile
2270 1166 2465 1220 corpus
2504 1153 2731 1220 quadam
2760 1154 2965 1207 occulta
3004 1152 3055 1205 vi
3085 1152 3259 1205 sensi-

1678 1214 1802 1293 ﬁcat
1840 1228 1895 1271 et
1931 1218 2179 1293 viviticat.
2222 1214 2467 1293 Haec-est
2506 1214 2717 1293 quoque
2756 1223 3067 1293 passibilisiz
3097 1237 3257 1293 omne
3344 1248 3357 1257 ι

1678 1287 1818 1363 enim
1841 1290 1981 1357 quod
2002 1306 2232 1345 mmrore
2258 1291 2505 1357 afficitur,
2525 1287 2787 1363 'pas'sibile
2814 1304 2895 1348 est
2922 1311 2934 1345 :
2963 1292 3056 1347 sed
3077 1292 3257 1363 anima

1677 1358 1801 1410 dum
1844 1375 1961 1431 suae
2006 1362 2291 1431 voluntatis
2334 1358 2556 1431 compos
2599 1380 2703 1418 non
2751 1364 3017 1425 efﬁcitur,
3069 1362 3257 1417 dolore

1677 1430 1947 1502 mmstitire
1974 1430 2230 1498 afﬁcitur;
2271 1433 2430 1502 igitur
2462 1430 2735 1501 ipassibilis
2759 1450 2879 1490 esse
2904 1433 3259 1488 convincitur.

1786 1500 1884 1579 hac
1913 1503 2178 1579 quantitas
2211 1497 2506 1579 eitc'luditur
2536 1523 2550 1558 :
2582 1506 2709 1579 dum
2748 1521 2848 1560 nec
2873 1503 3151 1579 altitudine
3175 1504 3260 1558 vel

1679 1568 1956 1644 latitudine
1996 1582 2087 1627 aut
2126 1573 2453 1644 longitudine
2480 1577 2697 1630 metitur
2720 1617 2734 1641 ,
2767 1592 2867 1631 nec
2906 1592 3003 1630 sex
3032 1575 3262 1627 circum~

1678 1642 1919 1707 stantias,
1950 1645 2155 1698 scilicet
2182 1642 2305 1699 ante
2327 1654 2381 1699 et
2406 1655 2574 1714 retro,
2608 1647 2853 1700 dextrum
2883 1655 2936 1700 et
2961 1646 3256 1708 sinistrum,

1678 1723 1891 1785 sursum
1929 1722 1983 1768 et
2025 1714 2275 1769 deorsum
2300 1756 2315 1780 ,
2362 1730 2419 1771 se
2464 1717 2736 1771 includere
2776 1717 2991 1785 patitur.
3022 1715 3262 1781 Qualitas

1679 1782 1839 1851 etiam
1868 1782 2054 1839 forma:
2083 1794 2136 1840 et
2159 1786 2350 1841 coloris
2380 1787 2447 1839 ab
2475 1787 2572 1842 hac
2598 1782 2926 1851 secernitur,
2961 1786 3088 1840 dum
3115 1785 3261 1839 nulla

1682 1848 1850 1931 [arma
1879 1856 1970 1931 vei
1996 1856 2216 1931 _humaiii
2256 1858 2527 1926 corporis,
2568 1859 2659 1931 vel
2692 1858 2850 1931 ullius
2893 1848 3143 1931 colorata:
3183 1855 3267 1931 rei

1681 1922 1754 1975 illi
1780 1924 2118 1996 adscribitur.
2161 1928 2285 1982 llzec
2322 1922 2403 1981 est
2440 1922 2765 1983 memorialis
2788 1970 2803 1992 ,
2835 1926 2956 1996 quia
2997 1926 3265 1996 praeterita

1680 1995 1931 2068 recolit‘.
1961 1996 2056 2050 Est
2082 1998 2378 2065 rationalis,
2397 1999 2519 2068 quia
2548 1999 2831 2067 praesentia
2854 1995 3134 2051 discernit.
3158 1995 3267 2068 _Est

1682 2066 2076 2139 intellectualis,
2104 2069 2227 2137 quia
2250 2066 2427 2139 futura
2444 2066 2709 2139 intelligit.
2733 2069 2881 2123 Hanc
2906 2066 3264 2139 immortalem

1682 2136 1808 2190 hinc
1831 2152 1953 2192 esse
1979 2147 2208 2204 constat,
2236 2138 2379 2208 quod
2401 2136 2715 2195 memoriam
2740 2140 2821 2195 sui
2851 2136 2993 2208 apud
3018 2144 3265 2207 posteros

1682 2208 1991 2277 perenniter
2014 2209 2208 2264 durare
2238 2210 2459 2264 laborat.

1753 2277 1979 2334 CAPUT
2019 2279 2104 2333 Vl.
2136 2280 2317 2350 Angeli
2356 2282 2479 2347 quid
2506 2280 2624 2335 sint.
2653 2281 2732 2335 An
2758 2281 2878 2336 sint.
2911 2280 3045 2348 Quid
3088 2286 3263 2350 agant.

1687 2347 1902 2403 Notitia:
1915 2366 2087 2403 eorum
2106 2360 2155 2403 et
2175 2347 2360 2404 nostra:
2371 2351 2658 2405 discrimen.
2673 2352 2907 2421 Angelus
2922 2347 3097 2405 autem
3111 2347 3268 2421 spiri—

1684 2428 1769 2474 tus
1803 2428 1885 2474 est
1924 2421 2216 2475 substantia
2255 2421 2597 2490 incorporea,
2620 2419 2928 2487 invisibilis,
2972 2419 3260 2490 sensibilis,

1683 2491 1986 2554 rationalis,
2010 2489 2772 2556 intellectualis,immortalis;
2799 2492 3057 2545 bonorum
3089 2489 3264 2542 lucida

1684 2569 1740 2632 et
1757 2560 2116 2630 impassibilis,
2133 2561 2393 2616 malorum
2415 2571 2549 2616 tetra
2570 2572 2625 2617 et
2643 2562 2932 2632 passibilis.
2950 2560 3055 2616 Sed
3075 2559 3265 2632 viden-

1685 2631 1811 2685 dum
1838 2629 2027 2684 utrum
2067 2632 2241 2700 aliqua
2281 2633 2571 2687 substantia
2621 2629 2738 2687 talis
2776 2633 2829 2685 in
2869 2633 3032 2687 rebus
3072 2629 3266 2700 creatis

1685 2717 1807 2757 esse
1826 2701 2093 2766 credatur,
2122 2699 2242 2756 cum
2265 2718 2295 2756 a
2322 2704 2475 2758 nobis
2501 2703 2721 2757 minime
2741 2703 3001 2757 videatur.
3030 2699 3265 2768 Angelos

1686 2787 1807 2827 esse
1844 2773 1955 2840 ipsa
1995 2773 2318 2832 insensibilia
2359 2774 2619 2843 probant,
2662 2789 2780 2843 qua:
2820 2783 2926 2827 tam
2956 2780 3154 2826 certam
3181 2769 3264 2822 sui

1686 2852 1862 2897 motus
1883 2844 2051 2912 legem
2078 2844 2387 2898 observant.
2412 2844 2582 2899 Omne
2606 2846 2801 2914 quippe
2828 2843 2970 2912 quod
2996 2848 3263 2914 movetur,

1686 2923 1777 2968 aut
1804 2910 2005 2967 motum
2037 2929 2065 2966 a
2094 2929 2153 2968 se
2192 2914 2350 2969 habet
2385 2924 2478 2969 aut
2515 2910 2769 2969 aliunde':
2801 2910 2894 2968 sed
2931 2927 3091 2967 omne
3124 2910 3268 2980 quod

1688 2994 1891 3039 motum
1930 3000 1960 3038 a
2000 3000 2060 3039 se
2090 2985 2286 3051 habet,
2326 2996 2410 3040 est
2448 2985 2736 3051 sensibile,
2779 2994 2836 3039 ut
2873 2984 3083 3045 anima;
3123 2979 3269 3051 quod

1687 3055 1929 3119 aliunde,
1962 3056 2303 3122 insensibile,
2335 3067 2394 3110 ut
2432 3072 2645 3126 corpus.
2668 3056 2822 3123 Quod
2847 3055 2890 3107 si
2916 3054 3026 3120 sol,
3060 3054 3184 3106 luna
3214 3058 3270 3126 et

1688 3126 1861 3179 sidera
1891 3140 1988 3195 per
2013 3141 2070 3180 se
2102 3121 2412 3191 moventur,
2448 3121 2610 3182 sensu
2639 3121 2724 3181 vel
2755 3126 2960 3180 ratione
2985 3125 3163 3193 vigere
3190 3121 3273 3195 vi-

1688 3193 1918 3249 dentur":
1943 3212 2059 3263 quae
2082 3204 2187 3249 tam
2210 3206 2354 3251 certa
2378 3208 2636 3266 tempora,
2658 3205 2767 3250 tam
2790 3204 2933 3251 certa
2955 3195 3077 3250 caeli
3098 3193 3270 3266 spatia

1690 3262 2028 3330 custodiunt,
2062 3274 2115 3320 et
2144 3268 2373 3335 quodam
2406 3262 2565 3322 modo
2593 3282 2748 3321 suum
2788 3266 3114 3321 intellectum
3147 3262 3272 3335 huic

1692 3336 1893 3390 mundo
1931 3338 2130 3391 lumine
2164 3333 2251 3391 vel
2290 3339 2454 3407 signis
2488 3339 2732 3392 innuunt.
2759 3337 2866 3393 Sed
2894 3336 2985 3406 qui
3014 3350 3076 3390 ea
3103 3333 3271 3407 ratio—

1693 3409 1830 3461 nalia
1870 3408 1954 3461 vel
1992 3408 2178 3462 saltem
2207 3405 2475 3462 sensibilis
2515 3424 2740 3477 corpora
2780 3405 3071 3462 arbitratur
3095 3445 3110 3469 ,
3146 3405 3271 3477 iure

1692 3493 1853 3532 sensu
1885 3493 2073 3532 carens
2096 3519 2110 3543 ,
2158 3478 2295 3533 inter
2336 3473 2712 3534 irrationabilia
2752 3486 3107 3547 computatur.
3136 3473 3274 3547 cum

1689 3558 1866 3604 autem
1891 3564 2019 3603 vere
2044 3549 2151 3602 sint
2171 3564 2397 3619 corpora
2425 3550 2667 3613 visibilia,
2699 3549 2795 3604 sed
2822 3544 2969 3603 motu
2993 3544 3227 3600 carentia
3252 3583 3269 3608 ,

1688 3629 1872 3689 utputa
1899 3619 2246 3683 insensibilia,
2276 3630 2329 3674 et
2354 3631 2529 3675 tamen
2552 3629 2893 3685 moveantur;
2917 3625 3124 3673 constat
3145 3629 3272 3683 pro-

1690 3690 1829 3746 fecto
1864 3690 2005 3760 quod
2041 3691 2257 3745 aliunde
2294 3699 2629 3747 moveantur.
2672 3693 2857 3745 Resmt
2893 3690 3052 3759 igitur
3079 3701 3146 3760 _ea
3172 3699 3276 3760 per

1689 3757 1927 3831 angelica
1951 3761 2241 3815 ministeria
2271 3764 2495 3817 moveri.
2523 3760 2779 3817 Similiter
2804 3757 3012 3823 ventos,
3043 3757 3271 3831 pluvias,

1689 3826 1993 3902 grandines,
2019 3831 2245 3901 fulgura,
2276 3834 2528 3896 tonitrua,
2555 3842 2921 3902 tempestates,
2946 3844 3101 3882 auras
3118 3826 3276 3902 jussu

1690 3894 1787 3955 Dei
1812 3919 1903 3971 per
1925 3894 2043 3955 illos
2065 3894 2171 3970 regi
2203 3894 2290 3970 qui
2312 3894 2537 3965 dubitat,
2567 3917 2627 3955 ea
2658 3894 2933 3971 sensibilis
2954 3904 3101 3971 putat
3112 3912 3147 3971 _z
3177 3894 3275 3947 sed

1691 3964 1834 4025 hunc
1864 3972 1997 4025 ratio
2018 3964 2234 4024 stult'uni
2257 3987 2378 4025 cum
2411 3971 2804 4025 insensibilibus
2824 3964 3012 4039 probat
3037 3969 3079 4039 ξ.
3112 3964 3279 4019 Bruta

1730 4041 2185 4113 uoqueianimalia
2218 4042 2401 4096 usibus
2441 4042 2686 4113 humanis
2722 4055 2815 4109 per
2850 4040 2968 4113 il_|_os
3005 4038 3260 4113 obsecun‘

1730 4059 1901 4110 noque
1938 4059 2185 4094 animalia
2218 4059 2401 4096 usmus
2441 4059 2686 4095 numams
2722 4059 2815 4109 per
2851 4059 2968 4091 mos
3005 4059 3260 4090 υυδωυυιιι

1690 4059 1819 4167 gare
1846 4112 2227 4184 veluadversari
2252 4113 2341 4180 qui
2364 4128 2468 4166 non
2495 4111 2737 4184 credunt,
2762 4118 2853 4184 aut
2877 4108 2963 4161 illa
2994 4122 3088 4175 per
3107 4105 3275 4184 ratio-

1692 4183 1776 4237 nis
1814 4182 2141 4255 intellectum
2172 4181 2288 4235 haec
2317 4184 2490 4237 lacere
2518 4181 2742 4255 credunt
2763 4222 2777 4244 ,
2816 4180 2972 4255 longe
3007 4180 3274 4255 aratione

1691 4253 1967 4308 recedunt.
2002 4252 2107 4307 Sed
2128 4262 2181 4306 et
2210 4261 2399 4306 cuncta
2428 4268 2546 4321 quae
2571 4253 2623 4305 in
2646 4251 2803 4305 rebus
2838 4244 3237 4321 insensibilibus
3256 4284 3271 4308 ,

1692 4326 1775 4380 vel
1802 4324 2064 4396 creaturis
2089 4314 2736 4396 _sensibilibus'geruntur,
2768 4336 2865 4391 per
2883 4319 3011 4396 illos
3041 4314 3274 4396 admini-

1693 4396 1849 4450 strari
1881 4395 1969 4463 qui
1995 4394 2216 4463 ambigit
2242 4435 2256 4459 ,
2297 4387 2522 4447 mnttuin
2560 4408 2591 4446 a
2630 4392 2749 4446 luce
2769 4387 3025 4445 "veritatis
3057 4387 3275 4463 desipit.

1693 4466 1855 4536 Igitur
1880 4459 2090 4521 constat
2118 4459 2337 4533 angelos
2358 4481 2490 4536 verer
2515 4470 2747 4536 esse,_et
2777 4470 2965 4536 cuncta
2984 4459 3149 4536 nobis
3180 4469 3276 4536 0c—_

1694 4529 1837 4592 (ulta
1864 4544 2107 4605 patenter
2140 4529 2317 4589 nosse.
2349 4535 2453 4589 Sed
2484 4535 2584 4589 hoc
2610 4532 2785 4588 diﬂ‘ert
2810 4535 2948 4586 inter
2982 4529 3192 4581 illorum
3224 4533 3281 4579 et

1694 4619 1932 4663 nostram
1976 4607 2251 4660 scientiam
2279 4647 2293 4671 ,
2336 4606 2497 4680 quod
2522 4605 2621 4673 ipsi
2653 4617 2839 4657 omnes
2880 4614 3069 4680 causas
3096 4611 3281 4680 rerum

1694 4687 1980 4750 antequam
2007 4680 2257 4731 eveniant
2278 4676 2600 4750 praeseimit;
2630 4688 2727 4728 nos
2757 4681 2933 4725 autem
2958 4676 3045 4722 vix
3072 4677 3127 4750 et
3154 4681 3280 4750 cum

1695 4744 1890 4820 magno
1911 4748 2091 4803 labore
2118 4744 2497 4816 investigamus
2520 4760 2632 4811 eas,
2663 4753 2941 4813 postquam
2964 4754 3050 4795 res
3075 4744 3130 4792 in
3156 4744 3279 4791 actu

1696 4829 1959 4876 constant.

1766 4889 1992 4948 CAPUT
2033 4886 2142 4941 VII.
2176 4886 2311 4940 Deus
2348 4886 2470 4957 quid
2499 4888 2583 4940 sit.
2628 4884 2777 4950 Quod
2794 4883 2885 4957 sit.
2922 4881 3069 4957 Quod
3107 4880 3172 4935 sit
3201 4895 3287 4933 ve-

1697 4965 1842 5028 ritas,
1866 4965 1988 5025 vita,
2010 4958 2280 5031 sapientia,
2300 4955 2504 5031 justitia
2548 4965 2593 5031 et
2630 4956 2903 5031 (eternitas.
2934 4955 3102 5031 lforro
3137 4967 3285 5031 sum-

1699 5021 2105 5102 mus'spiritus',
2134 5021 2356 5102 sicut'ra
2397 5028 2540 5102 nullo
2579 5027 2849 5102 intellectu
2889 5021 3286 5102 va_let_propric

1646 5120 1653 5130 '
1700 5092 1942 5176 cogitari,
1967 5105 2039 5176 ita
2062 5092 2553 5176 nulladeiinitione
2571 5098 2767 5168 poterit
2788 5096 3001 5166 preprie
3030 5092 3289 5176 determi-

1701 5169 1837 5233 nari.
1886 5173 1993 5229 Sed
2038 5169 2160 5241 Quia
2212 5170 2585 5227 intellectualis
2630 5184 2783 5241 mens
2829 5182 2967 5241 eum
3000 5173 3289 5241 utcumque

1702 5234 2251 5317 agnoscereanbelat,
2291 5244 2405 5317 haec
2431 5240 2776 5317 iaenigmatica
2810 5234 3135 5317 deiinitioei
3152 5234 3291 5317 inte-

1702 5302 1804 5374 ii’m
1841 5316 2089 5371 sufﬁciat.
2133 5302 2273 5370 Deus
2316 5314 2532 5383 spiritus
2548 5302 2657 5383 "est
2670 5310 2922 5383 essentia
2964 5302 3286 5383 invisibilis,

1703 5388 1847 5445 omni
1875 5396 2133 5444 creatura)
2159 5379 2712 5457 incomprehensibilis
2737 5421 2750 5443 ,
2784 5388 2947 5457 totam
2966 5379 3135 5457 _vitami
3156 5413 3171 5435 ,

1704 5444 1811 5515 tam
1843 5458 2154 5527 sapientiam
2182 5499 2195 5522 ,
2232 5444 2392 5511 totain
2433 5454 2782 5527 aeternitatem
2823 5444 2982 5524 simul
3024 5444 3278 5527 essentiam.

1705 5533 1826 5585 liter
1866 5521 2146 5598 possidens
2184 5548 2195 5581 :
2234 5528 2317 5601 vel
2346 5527 2473 5601 ipsa
2513 5523 2619 5575 vita
2646 5562 2665 5601 ε
2676 5521 2801 5601 ipsa
2833 5521 3283 5601 sapientialipsa

1706 5595 1926 5663 veritas,
1958 5602 2069 5671 ipsa
2093 5600 2317 5670 justitia,
2342 5600 2453 5671 ipsa
2484 5595 2752 5671 aeternitas
2781 5595 3036 5671 existens,
3068 5597 3283 5638 omnem

1707 5666 2004 5729 creaturam
2034 5666 2201 5727 instar
2225 5668 2404 5739 puncti
2429 5666 2485 5719 in
2511 5677 2570 5717 se
2594 5666 2895 5715 continens.

1772 5812 1789 5843 ι
1822 5815 1928 5857 Mss.
1954 5806 2067 5865 duo,
2093 5801 2342 5865 recolligit.

1690 5870 1695 5877 '
1774 5875 1794 5904 ε
1828 5879 1936 5920 Mss.
1969 5868 2081 5927 duo,
2108 5864 2302 5925 refutat.
