3842 6266
557 423 698 481 1015

552 536 787 591 fabiiiter
823 533 1085 606 genuerit.
1122 531 1286 604 Igitur
1320 531 1481 588 Pater
1521 543 1795 602 nunquam
1836 539 1951 583 sme
1999 521 2139 579 Filio

552 608 775 662 exstitit.

627 677 854 733 CAPUT
881 675 1020 731 Xlll.
1054 674 1156 730 Cur
1179 675 1260 728 hic
1286 673 1470 735 Filius,
1517 689 1618 726 non
1641 671 1771 739 lilia.
1831 669 1974 723 Dtsc.
2024 665 2140 734 Qua

554 747 904 870 Slnlil‘l‘llildigle
931 747 1182 818 splendor
1217 754 1431 800 aeterna:
1460 742 1591 797 lucis
1618 741 1782 796 Filius
1813 747 2055 805 vocatur,
2083 743 2140 791 et

554 831 661 870 non
709 834 792 870 na
826 861 838 870 .

554 831 661 872 non
690 818 792 872 ﬁlia
823 819 846 871 ?

627 888 764 944 MAG.
809 889 939 956 Quia
971 903 1064 958 per
1106 880 1612 958 omniaisimilitudo
1651 881 1826 958 Patris
1856 879 1911 958 in
1953 893 2138 958 eaex:

549 949 1004 1032 primiturfunde
1049 965 1104 1012 et
1149 954 1439 1032 similitudo
1491 954 1607 1023 ejus
1644 949 2138 1032 digitum-(a)“Nihil

551 1021 696 1084 cnim
745 1021 818 1082 in'
845 1029 1004 1083 rebus
1031 1027 1224 1082 creatis
1264 1026 1330 1080 ad
1365 1021 1625 1095 integrum
1672 1023 1789 1094 ejus
1833 1021 2138 1095 similitudi-

549 1114 677 1155 nem
708 1108 886 1154 servat
927 1114 958 1151 a
987 1112 1092 1166 quo
1122 1098 1375 1152 nascitur.
1408 1093 1594 1164 Capilli
1624 1109 1852 1166 namque
1872 1108 1924 1166 _a
1966 1093 2139 1160 capite

552 1168 664 1223 nati
707 1177 832 1222 sunt
869 1163 1026 1237 capiti
1055 1167 1339 1223 dissimiles
1370 1209 1385 1233 ,
1416 1163 1573 1236 poma
1607 1166 1680 1237 ab
1705 1163 1988 1237 arboribus
2005 1171 2137 1237 _nata

549 1249 677 1314 sunt
721 1239 824 1314 illis
871 1231 1670 1314 dissimilia,_ian_ardissimilis
1717 1235 1951 1297 ovibus;
1999 1231 2138 1314 fetus

548 1309 1002 1380 animalium,vel
1044 1309 1165 1380 ipsi
1191 1309 1285 1363 lilii
1316 1309 1624 1380 hominum,
1658 1321 1763 1380 non
1813 1320 1907 1374 per
1956 1309 2136 1380 omnia

549 1379 756 1455 similes
785 1375 1377 1455 qualitaiig'enitorumi
1403 1379 1502 1455 ilic
1527 1375 1709 1455 auteni
1730 1391 1826 1445 per
1851 1375 2136 1455 omniagi-

547 1451 741 1574 gngn‘tli.
770 1445 853 1505 est
881 1445 1184 1505 simillimus
1214 1466 1229 1515 ;
1271 1458 1327 1505 et
1363 1448 1485 1504 ideo
1513 1448 1790 1503 verissime
1840 1461 1946 1500 non
1989 1445 2095 1499 tilia
2117 1484 2132 1512 ,

549 1534 610 1574 se
691 1536 830 1574 IIIIS.

549 1522 644 1576 sed
671 1522 830 1574 ﬁlius.

621 1590 846 1647 CAPUT
893 1591 1032 1646 XIV.
1071 1591 1242 1658 Quare
1290 1589 1527 1644 Verbum.
1560 1587 1710 1642 Verbi
1733 1596 1956 1658 etymon.
1986 1586 2131 1641 Dtsc.

546 1661 662 1729 Qua
687 1670 863 1716 autem
891 1657 1195 1716 habitudine
1221 1660 1388 1715 Filius
1417 1659 1650 1714 Verbum
1678 1669 1898 1729 vocatur
1931 1657 1955 1729 ?_

619 1730 759 1787 MAG.
790 1731 868 1800 (b)
900 1732 1200 1800 Tripliciter
1224 1731 1443 1785 verbum
1471 1729 1804 1800 intelligitur.
1833 1727 1995 1783 Verbi
2019 1742 2134 1798 gra-

545 1801 641 1866 tia,
664 1817 785 1856 cum
810 1802 908 1857 hoc
935 1803 1185 1868 verbum,
1212 1803 1403 1866 Homo,
1431 1815 1525 1855 ore
1552 1801 1821 1868 proiertur
1854 1816 1868 1865 ;
1895 1807 2132 1852 autcum

545 1871 688 1928 idem
731 1874 980 1940 verbum,
1028 1872 1198 1928 Homo
1225 1915 1237 1938 ,
1267 1872 1467 1942 absque
1497 1879 1643 1925 motu
1670 1870 1863 1942 linguae
1893 1869 1946 1922 in
1971 1868 2133 1942 corde

543 1942 850 2008 formatur;
896 1952 986 1997 aut
1032 1958 1156 1998 cum
1185 1958 1273 1998 res
1317 1939 1452 2012 ipsa,
1498 1939 1961 2012 quamisignilicat
2003 1939 2133 1993 illud

543 2014 764 2083 verbum
797 2056 811 2078 ,
858 2014 1062 2077 llomo,
1101 2014 1271 2083 qualis
1318 2009 1387 2067 sit
1437 2013 1491 2066 in
1517 2009 1811 2066 intellectu
1848 2009 2129 2083 cogitatur.

541 2082 660 2138 Hoc
695 2086 853 2140 tertio
900 2085 1058 2139 modo
1096 2081 1236 2139 Deus
1283 2083 1517 2138 Verbum
1555 2097 1710 2136 suum
1749 2081 1976 2152 genuit,
2007 2095 2132 2134 cum

542 2167 607 2210 se
649 2154 822 2225 ipsum
854 2153 1136 2225 cogitando
1160 2154 1310 2209 dixit.
1345 2155 1410 2208 Et
1450 2150 1772 2225 quiaitotam'
1795 2150 1976 2225 mundi
2019 2151 2131 2225 for:

541 2221 689 2302 mani
720 2224 906 2302 eadem
924 2221 1254 2302 cogitatione
1281 2225 1414 2302 dixit
1440 2221 1494 2292 ¹’,
1549 2224 1669 2302 ideo
1705 2223 1898 2302 dicitur
1924 2263 1939 2286 ,
1987 2221 2132 2302 quod

542 2295 725 2350 omnia
774 2297 825 2350 in
858 2293 1033 2351 Verbo
1067 2311 1166 2351 suo
1212 2297 1394 2352 fecerit
1437 2312 1450 2348 :
1499 2294 1639 2349 unde
1675 2302 1730 2348 et
1764 2293 1832 2348 de
1859 2293 2131 2348 creatione

539 2365 730 2436 mundi
766 2365 955 2436 legitur
973 2409 988 2433 ,
1015 2365 1139 2434 Ipse
1156 2367 1282 2421 dixit
1299 2407 1315 2432 ,
1356 2377 1401 2419 et
1431 2370 1711 2436 factaﬁsurtt
1738 2363 1920 2436 (Paul.
1943 2379 2125 2428 xxxn,

543 2432 798 2510 9)._Nihii
818 2432 957 2510 enim
977 2432 1072 2492 est
1095 2437 1234 2510 aliud
1263 2432 1439 2510 Filius
1455 2435 1539 2510 vel
1565 2432 1798 2510 Verbum
1821 2435 1935 2500 Dei,
1967 2448 2130 2504 quam

543 2505 796 2576 cogitatio
824 2507 904 2560 vel
941 2522 1036 2561 ars
1054 2509 1135 2562 vel
1162 2509 1424 2576 sapientia
1452 2507 1588 2575 ejus.
1635 2505 1838 2575 Nempe
1879 2521 1999 2560 cum
2029 2519 2132 2558 nos

538 2574 771 2646 aliquam
802 2593 913 2632 rem
939 2574 1268 2646 cogitamus,
1297 2579 1462 2646 ipsius
1487 2574 1564 2632 rei
1592 2574 1874 2646 imaginem
1901 2576 1953 2629 in
1980 2575 2126 2646 cogi-

537 2645 739 2701 tatione
762 2658 943 2701 nostra
973 2645 1262 2702 formamus
1289 2645 1410 2702 :isic
1433 2648 1572 2702 Deus
1597 2645 1720 2701 cum
1747 2661 1805 2701 se
1831 2647 2001 2714 ipsum
2030 2645 2128 2699 co-

538 2718 726 2788 gitavit
751 2759 775 2788 ,7
807 2718 1033 2772 similem
1075 2722 1154 2772 s'ui
1183 2735 1278 2788 per
1303 2719 1479 2772 omnia
1518 2718 1805 2788 imaginem
1832 2717 2076 2788 formavit
2106 2733 2124 2780 ;

537 2793 595 2840 et
618 2787 742 2860 ideo
765 2787 876 2860 hoc,
896 2788 1129 2860 Verbum
1156 2787 1330 2860 imago
1358 2791 1437 2842 vel
1466 2787 1756 2860 similitudo
1785 2787 1878 2860 Dei
1908 2787 2122 2860 dicitur,

535 2856 633 2912 sed
665 2859 794 2912 nihil
832 2859 976 2912 aliud
1006 2860 1104 2913 nisi
1131 2856 1318 2914 eadem
1346 2858 1576 2914 essentia
1606 2859 1940 2927 exprimitur.
1973 2856 2128 2913 Unde

537 2934 596 2982 et
620 2927 722 2999 iioc
744 2930 969 2999 verbum
998 2930 1188 2999 dicitur
1215 2930 1364 2999 quasi
1395 2945 1519 2984 vere
1543 2928 1762 2983 bonum.

607 2995 834 3054 CAPUT
887 2999 1002 3052 XV.
1056 2998 1156 3066 Qui
1204 2995 1285 3055 res
1321 3000 1484 3053 anulis
1512 3009 1680 3053 creata
1724 2999 1778 3052 iu
1813 2997 1974 3051 Verbo
1997 2998 2122 3051 vita.

532 3066 684 3140 Disc.
715 3067 992 3140 Quomodo
1034 3071 1258 3136 dicitur,
1307 3069 1480 3125 Omne
1507 3069 1650 3140 quod
1697 3068 1892 3140 factum
1931 3069 2035 3133 sit,
2072 3069 2126 3140 in

530 3137 652 3210 ipso
692 3140 795 3193 vita
836 3139 1092 3195 fuerit'?
1134 3141 1271 3196 Num
1319 3137 1643 3210 lapides'qui
1673 3138 1853 3194 stolidi
1886 3148 2044 3205 sunt,
2070 3138 2128 3196 in

530 3209 698 3263 verbo
731 3210 821 3264 Dei
851 3211 1077 3266 vivunt?
1681 3261 1683 3263 ,

568 3308 571 3309 ν
605 3279 744 3335 MAG.
796 3279 984 3336 Omnis
1026 3291 1270 3336 creatura
1312 3280 1512 3336 trifarie
1542 3280 1835 3335 subsistere
1878 3279 2072 3334 dicitur
2107 3299 2122 3335 :

530 3344 689 3474 (οὶίη
721 3350 829 3406 Deo
851 3392 866 3419 ,
898 3351 948 3407 in
979 3366 1038 3408 se
1066 3352 1178 3422 ipsa
1206 3393 1222 3420 ,
1261 3353 1312 3408 in
1346 3352 1518 3408 nobis.
1561 3351 1619 3405 In
1654 3351 1762 3406 Deo
1787 3351 1897 3404 vita
1923 3353 2119 3404 immu-

531 3429 588 3474 ta
631 3421 743 3474 ilis.
785 3422 836 3474 in
872 3438 931 3474 se
960 3423 1072 3474 insa
1102 3424 1395 3474 substantia
1424 3421 1818 3474 commutabilis
1841 3461 1856 3474 .
1889 3421 1944 3474 in
1973 3421 2119 3474 nobis

531 3421 743 3482 tabilis,
785 3422 836 3475 in
872 3438 931 3477 se
960 3423 1072 3488 ipsa
1092 3421 1395 3477 substantia
1424 3421 1818 3477 commutabilis
1841 3461 1856 3488 ,
1889 3421 1944 3475 in
1973 3421 2126 3477 nobis

531 3490 830 3546 similitudo
859 3507 1037 3546 rerum
1074 3493 1445 3562 imaginabilis.
1476 3491 1636 3547 Verbi
1665 3493 1833 3562 gratia
1855 3532 1868 3553 ,
1903 3492 2036 3560 lapis
2071 3493 2124 3546 in

528 3575 593 3616 se
621 3562 735 3629 ipso
763 3570 844 3615 est
868 3562 1165 3616 substantia
1190 3561 1483 3626 mutabilis,
1512 3563 1634 3630 quia
1674 3563 1725 3613 in
1754 3561 1959 3615 calcem
1991 3576 2125 3616 con-

530 3631 795 3686 vertibilis
824 3671 840 3693 ,
884 3631 936 3684 in
980 3641 1162 3685 nostra
1201 3631 1524 3700 cogitatione
1557 3631 1854 3701 rsimilitudo
1895 3631 2121 3701 lapidis,

528 3701 587 3756 in
645 3710 760 3755 arte
818 3701 912 3756 Dei
952 3702 1186 3755 essentia
1231 3700 1636 3755 interminabilis
1678 3701 1800 3756 vita:
1844 3700 2123 3758 durabilis.

530 3769 668 3827 Cum
699 3771 841 3826 enim
865 3769 1056 3827 artifex
1080 3772 1298 3826 domum
1329 3772 1502 3826 facere
1531 3772 1764 3842 cogitat,
1795 3771 1908 3840 jam
1933 3771 2126 3828 domus

527 3842 585 3896 in
625 3843 738 3910 ipsa
764 3851 879 3897 arte
907 3842 1037 3895 vivit
1064 3883 1078 3906 ,
1105 3858 1262 3912 quam
1297 3842 1632 3910 postmodum
1662 3857 1852 3897 manus
1875 3842 2122 3898 aediﬁcat.

528 3911 637 3984 Sed
665 3913 752 3966 illa
793 3927 952 3982 quam
983 3911 1174 3967 manus
1201 3913 1394 3984 erigit,
1419 3920 1690 3984 corruet;
1734 3913 1822 3968 illa
1852 3929 1980 3967 vero
2006 3931 2126 3984 qua:

525 3981 586 4037 in
629 3992 744 4037 arte
790 3981 956 4048 vivit,
1004 3981 1305 4051 permanet:
1348 3983 1487 4037 Nihil
1527 3984 1724 4053 quippe
1759 3985 1902 4038 aliud
1931 3981 2126 4039 est'ars

571 4067 688 4124 nam
716 4054 892 4108 anima
918 4095 932 4119 ,
975 4062 1029 4124 et
1055 4054 1233 4108 anima
1281 4053 1410 4107 nihil
1455 4053 1597 4108 aliud
1630 4069 1788 4124 quam
1816 4055 1921 4108 vita
1951 4055 1974 4086 ⁸
2004 4075 2016 4109 :
2045 4055 2125 4110 sic

581 4122 766 4194 erbum
801 4124 891 4178 Dei
923 4123 1052 4178 nihil
1081 4125 1221 4179 aliud
1252 4135 1335 4178 est
1365 4139 1523 4193 quam
1565 4122 1816 4194 ars‘cjus,
1847 4133 1901 4178 et
1926 4141 2014 4179 ars
2044 4127 2125 4178 ni-

531 4191 781 4264 hilaliud
805 4203 887 4248 est
914 4210 1071 4263 quam
1097 4196 1212 4264 ipsa
1242 4197 1348 4249 vita
1381 4191 1398 4255 Ξ
1420 4203 1475 4249 et
1498 4195 1552 4248 in
1581 4196 1679 4249 hac
1705 4191 1893 4250 cuncta
1935 4195 2126 4250 immu-

530 4262 776 4336 tabiliter_
809 4262 1213 4336 permanebunt,
1267 4279 1387 4336 quae
1418 4265 1474 4319 in
1527 4265 1822 4321 substantia
1871 4268 1954 4321 sui
2002 4282 2122 4321 mu-

531 4333 715 4388 tabilia
746 4333 1015 4389 deﬁciunt.

599 4403 824 4477 CAPUT
864 4405 1001 4477 XVI.
1041 4404 1141 4471 Qui
1178 4404 1344 4477 solum
1387 4404 1607 4460 Verbum
1643 4405 1902 4460 incarnari
1940 4410 2120 4477 potuit.

499 4473 834 4556 iPtsc.iCum
862 4476 1082 4530 evidens
1105 4476 1244 4556 ratio
1284 4475 1424 4556 idem
1451 4477 1684 4556 Verbum
1719 4492 1854 4556 cum_
1882 4473 2042 4556 Patre
2071 4489 2125 4534 et

501 4545 962 4618 ESpirituisancto
985 4588 998 4609 ,
1018 4561 1194 4618 unam
1223 4546 1548 4601 individuam
1594 4547 1943 4618 substantiam
1976 4551 2126 4605 inex-

495 4616 887 4690 gpugnabiliter
917 4617 1240 4690 probaverit,
1262 4617 1530 4690 quomodo
1551 4617 1999 4690 solumincarnari
2031 4636 2126 4690 po-

497 4687 629 4768 ituit
654 4689 677 4740 ?
705 4687 760 4743 Si
786 4689 926 4742 enim
953 4703 983 4742 a
1013 4688 1184 4743 Patris
1208 4695 1263 4741 et
1305 4687 1532 4756 Spiritus
1571 4687 1743 4742 sancti
1780 4690 2012 4744 essentia
2033 4687 2124 4746 est

497 4767 830 4828 {separatum
856 4801 872 4825 ,
911 4767 965 4814 et
1000 4760 1078 4814 sic
1122 4757 1467 4828 singulariter
1497 4758 1901 4828 inhumanatum
1931 4777 1947 4825 ;
1987 4775 2122 4815 con-

500 4801 1087 4901 ξὲῐεῗῖιῖἐόἑὲέἱοἽιιῖόἒ
1122 4801 1914 4901 3533;};i‘niii"sistant;
1931 4801 2122 4886 ἐεῖτῖἕιῖ

501 4897 825 4974 ξεμὺξιειιῃίδ
856 4897 1059 4974 non'sit
1085 4899 1385 4966 individua,
1412 4914 1532 4970 quae
1559 4899 1734 4971 potuit
1759 4901 1869 4970 pati
1898 4915 2120 4973 separa-

504 4967 688 5022 itionis
717 4967 1042 5022 discrimina.

495 4999 1267 5114 i:bubirctugibiii‘fsempiterna
1292 5041 1460 5114 virtus
1479 5040 1770 5114 divinitatis
1797 5057 1894 5112 per
1916 5057 1980 5098 ea
2001 5058 2121 5114 quae

497 5107 666 5186 ’facta
712 5107 1141 5186 conspiciuntur,
1186 5121 1361 5186 potest
1406 5111 1641 5186 intelligi
1672 5107 1864 5183 (Rom.
1891 5130 1930 5176 ι.
1961 5107 2068 5186 26)
2101 5133 2116 5181 ;

494 5180 611 5255 ‘sic‘
637 5180 744 5255 hoc
791 5179 1106 5248 profundum
1135 5180 1307 5255 nimis
1333 5179 1601 5238 occultum
1629 5182 1652 5214 ⁸
1681 5179 1779 5253 per
1805 5199 1867 5238 ea
1897 5199 2017 5255 quae
2049 5179 2118 5242 'in

521 5249 680 5305 nobis
717 5257 975 5320 geruntur
1001 5291 1019 5317 ,
1049 5250 1255 5308 ratione
1289 5261 1655 5324 perscrutante
1679 5249 1876 5324 poterit
1903 5249 2114 5326 inspici.

585 5383 604 5413 ³
640 5382 711 5431 sic
730 5387 834 5430 Mss.
862 5385 919 5428 At
951 5379 1099 5441 editi,
1124 5382 1320 5433 creavit.

582 5443 606 5475 ³
639 5449 713 5493 Er.
740 5442 889 5515 Lugd:
917 5449 1037 5516 Ven:
1073 5451 1204 5493 Lov.:
1235 5453 1394 5542 Quare
1429 5445 1642 5510 dicitur,
1683 5456 1832 5500 omne
1871 5449 2004 5514 quod
2036 5451 2113 5514 ra-

582 5517 650 5542 irm
679 5510 761 5542 vel,
790 5518 840 5542 ιη
863 5517 968 5542 enen
993 5511 1087 5542 mm
1105 5511 1210 5542 om!
1322 5515 1357 5542 Μ

519 5509 651 5569 ctum
679 5510 766 5564 est,
790 5509 841 5555 in
863 5509 968 5569 ipso
993 5509 1087 5556 vita
1105 5509 1258 5556 erat?
1321 5515 1376 5557 M.

575 5567 606 5636 .3
638 5569 710 5636 sic
744 5578 845 5617 uss.
879 5567 934 5615 At
960 5569 1127 5636 _editi,_
1155 5580 1300 5632 quam
1343 5582 1427 5620 ars
1473 5571 1606 5634 ejus,
1658 5577 1705 5624 et
1743 5586 1825 5626 ars
1847 5573 1952 5634 ejus
1993 5573 2118 5626 nihil

517 5627 653 5694 aliud
677 5636 746 5694 est
784 5643 929 5694 quam
951 5631 1059 5694 ipsa
1081 5627 1192 5680 vita.

587 5693 609 5756 ξ
639 5691 787 5756 plin,
812 5691 1107 5756 profundum
1138 5692 1416 5756 mysterium
1441 5702 1489 5746 et
1510 5693 1768 5747 occultum.

607 5752 658 5819 ᾳ)
696 5752 905 5819 anselmi
932 5753 1170 5819 Moiiolog.
1187 5752 1300 5819 'cap.
1324 5757 1407 5807 59.

607 5764 636 5797 a
696 5750 905 5800 Ansélmi
932 5761 1045 5802 M0114

582 5750 660 5934 3b}
695 5812 812 5884 Ibid.
836 5826 940 5875 cap.
969 5814 1045 5863 10.

606 5884 632 5920 c
689 5871 804 5923 Ibid.
828 5885 934 5934 cap.
957 5875 1045 5925 34-

606 5871 655 5933 c)
689 5871 804 5923 ibid.
828 5871 934 5938 cap.
957 5874 1125 5927 34-36.

2047 403 2414 463 APPENDIX.

3649 418 3752 479 1016

2250 520 2444 577 Notum
2485 532 2568 578 est
2615 524 2754 578 enim
2784 524 2926 595 quod
2968 524 3194 581 humana
3221 541 3390 588 mens~
3413 530 3606 587 verbum
3641 549 3752 591 como

2248 595 2425 669 munis
2455 595 2730 649 locutionis
2772 611 2837 669 ex
2858 611 2916 650 se
2940 598 3216 667 cogitando
3239 600 3432 669 gignit,
3462 614 3510 656 et
3536 603 3648 658 idem
3671 623 3755 662 ter-

2247 663 2374 718 bum
2403 666 2454 718 in
2484 675 2660 720 mente
2690 675 2743 720 et
2772 667 2822 720 in
2861 663 3114 722 membria
3144 663 3430 724 simiil'una
3458 676 3652 728 essentia
3673 680 3755 730 exi.

2247 736 2358 789 stit.
2389 735 2520 790 Cum
2549 752 2676 790 vero
2707 752 2855 791 mens
2894 738 3115 793 verbum
3155 755 3305 793 suum
3335 741 3450 795 aliis
3489 742 3751 803 innotescere

2246 807 2430 876 cupit,
2460 822 2579 880 cum
2611 808 2794 862 eadem
2837 809 3155 877 cogitatione
3178 851 3191 875 ,
3237 827 3357 880 quae
3395 813 3514 866 nihil
3550 816 3667 870 aliud
3696 830 3752 873 est

2246 891 2404 957 quam
2431 878 2649 957 verbum
2676 894 2828 933 suum
2846 920 2860 942 ,
2885 889 2940 933 et
2963 895 3084 957 cum
3117 878 3371 957 memoria
3398 882 3622 957 disponit,
3647 891 3747 957 quod

2246 946 2388 1003 idem
2414 949 2634 1024 verbum
2653 951 3017 1024 corpusvocis
3041 950 3231 1024 induit,
3256 962 3311 1006 et
3332 946 3536 1024 auribus
3557 946 3746 1024 audibile,

2247 1028 2302 1091 et
2344 1019 2592 1074 cordibus
2633 1020 2957 1074 audientium
3005 1020 3210 1077 visibile
3253 1023 3516 1091 procedit.
3557 1034 3604 1080 et
3638 1019 3749 1083 etiam

2245 1087 2436 1162 litteris
2471 1105 2665 1162 corpus
2692 1105 2846 1144 suum
2877 1091 3021 1160 ligari
3051 1101 3105 1146 et
3133 1087 3300 1146 videri
3340 1095 3614 1162 permittit;
3639 1106 3679 1150 et
3699 1108 3748 1151 ta-

2245 1174 2368 1214 men
2399 1160 2658 1214 invisibile
2685 1176 2904 1216 manens
2923 1203 2938 1225 ,
2970 1162 3036 1216 de
3061 1164 3292 1217 essentia
3324 1160 3509 1219 mentis
3526 1179 3572 1219 et
3601 1183 3747 1222 meme

2245 1230 2338 1304 riae
2368 1246 2472 1284 non
2501 1232 2718 1304 recedit.
2739 1232 2852 1304 Non
2874 1247 3004 1304 ergo
3030 1248 3182 1288 mens
3209 1250 3384 1304 neque
3409 1239 3661 1301 memoria,
3685 1241 3746 1293 sed

2244 1300 2674 1376 soluin__verbmn
2715 1300 3052 1376 singulariter
3094 1305 3272 1376 sonuit
3298 1300 3414 1374 _per
3449 1321 3618 1376 corpus
3651 1300 3746 1363 vocis

2243 1371 2494 1425 sensibile
2521 1389 2536 1434 ;
2562 1381 2616 1426 et
2643 1371 2822 1428 tamen
2854 1374 3279 1440 inseparabiliter
3306 1371 3494 1430 mansit
3518 1371 3562 1430 in
3577 1382 3742 1433 essentia

2241 1441 2437 1496 mentis
2457 1452 2512 1496 et
2531 1444 2799 1496 memoria:
2827 1443 3108 1499 invisibile.
3138 1443 3225 1500 Sic
3255 1460 3490 1501 summus
3511 1448 3642 1502 Pater
3657 1448 3747 1501 Ver-

2241 1509 2367 1587 bum
2400 1527 2643 1587 suium‘se
2672 1514 3153 1587 ipsumcogitando
3196 1520 3411 1584 genuit,
3447 1518 3573 1587 quod
3615 1520 3655 1573 in
3678 1520 3743 1574 Pa-

2241 1583 2338 1636 tris
2362 1593 2416 1638 et
2446 1582 2674 1653 Spiritus
2700 1585 2865 1640 sancti
2893 1587 3122 1639 essentia
3150 1582 3311 1642 simul
3330 1582 3645 1644 coessentiale
3661 1591 3747 1644 sub-

2240 1654 2381 1728 sisiit
2412 1671 2442 1728 ;_
2469 1655 2792 1728 scdhtainen
2840 1671 2938 1710 nec
2963 1655 3271 1728 Patet-inec
3308 1658 3525 1724 Spiritus
3558 1669 3743 1728 sanctus,

2241 1723 2334 1777 sed
2349 1724 2536 1800 solum
2579 1724 2808 1780 Verbum
2838 1726 2984 1800 quod
3010 1736 3092 1800 est
3136 1723 3504 1800 Patrierilius
3538 1723 3746 1800 singulari;

2239 1800 2322 1866 ter
2349 1793 2635 1866 humanum
2667 1793 2871 1866 corpus
2899 1796 3105 1863 induit,
3142 1799 3398 1854 sensibile
3424 1793 3678 1854 hominibus
3707 1817 3746 1856 se

2238 1864 2506 1940 exhibuit,
2567 1864 3071 1940 corpusjisumptum
3122 1869 3338 1940 indigna
3387 1871 3488 1940 pati
3530 1872 3741 1940 permisit;

2238 1934 2410 2011 ipsum
2457 1934 2882 2011 inseparabiliter
2923 1934 2977 1992 in
3005 1934 3263 2011 essentia
3299 1934 3468 1996 Patris
3493 1934 3540 1997 et
3576 1934 3742 2011 Spiritus

2237 2006 2692 2079 saneti_ln_v_isib_ile
2720 2017 2775 2063 et
2800 2007 3106 2079 impassible
3132 2013 3446 2079 permansit.

2307 2075 2534 2152 CAPUT
2580 2077 2750 2152 XVII.
2801 2075 2904 2133 Cur
2950 2096 3098 2152 amor
3125 2075 3220 2134 Dei
3249 2081 3469 2152 Spiritus
3510 2091 3550 2136 et
3571 2099 3644 2136 cur
3663 2099 3741 2136 tan-

2235 2153 2379 2223 clus._
2399 2147 2539 2202 DISC.
2567 2148 2680 2216 Qua
2715 2158 2891 2204 autem
2918 2149 3272 2208 similitudine
3295 2147 3454 2209 amor
3475 2153 3558 2210 Dei
3576 2153 3740 2223 Spiritus

2235 2217 2542 2272 nominatur
2567 2223 2591 2270 '!

2305 2287 2444 2344 Msa.
2479 2289 2568 2343 Dei
2606 2291 2890 2345 essentiam
2929 2290 3038 2346 dixi
3082 2306 3206 2348 esse
3249 2294 3432 2349 vitam.
3469 2293 3587 2349 Vera
3612 2303 3736 2349 autem

2233 2357 2342 2434 viia
2370 2372 2428 2413 se
2456 2359 2649 2434 vivere
2665 2362 2922 2434 intelligit
2949 2379 2965 2428 ;
3011 2371 3067 2417 et
3094 2363 3137 2417 si
3167 2379 3231 2419 se
3261 2365 3418 2419 vitam
3449 2365 3677 2434 intelligit.
3697 2379 3738 2418 se

2233 2429 2414 2509 utique
2439 2429 2628 2509 diligit.
2655 2431 2754 2509 _Dei
2779 2429 2955 2487 autem
2978 2434 3161 2509 vivere
3183 2436 3540 2509 ,‘intelligere,
3563 2429 3736 2509 diligere,

2233 2497 2366 2574 nihil
2407 2510 2488 2555 est
2528 2497 2670 2574 aliud
2707 2517 2867 2574 quam
2905 2503 3156 2558 existere.
3187 2497 3426 2562 ’Dilectio
3451 2497 3564 2574 ergo
3588 2497 3658 2560 Dei
3684 2497 3740 2559 est

2231 2570 2339 2623 vita
2359 2611 2373 2635 ,
2421 2580 2475 2626 et
2501 2573 2603 2647 vita
2641 2570 2741 2627 esti
2767 2573 3004 2647 spiritus.
3046 2575 3110 2628 Et
3138 2577 3267 2647 quia
3294 2576 3430 2630 Deus
3453 2570 3538 2647 per
3560 2575 3737 2647 dilectio-

2232 2654 2356 2694 nem
2386 2643 2588 2696 cunctis
2617 2658 2737 2716 esse
2765 2635 2846 2698 vel
2883 2644 3066 2699 vivere
3109 2635 3333 2710 tribuit,
3383 2635 3560 2702 idcirco
3582 2645 3736 2716 Spiritus

2231 2720 2583 2782 nuncupatur.
2631 2711 2754 2768 ideo
2791 2723 2982 2788 autem
3019 2727 3241 2771 sanctus
3275 2717 3505 2784 additur,
3543 2711 3737 2788 quiacun-

2231 2791 2315 2836 cta
2356 2798 2450 2849 per
2478 2799 2598 2836 eum
2637 2785 3050 2840 sanctiticantnr.

2301 2850 2530 2928 ςΑΡβΤ
2570 2853 2755 2928 XVlli.
2801 2855 3028 2925 Spiritus
3048 2867 3262 2912 sanctus
3288 2859 3494 2928 qualiter
3525 2875 3553 2911 α
3576 2856 3731 2911 Patrae!

2232 2919 2388 3002 ilio.
2415 2923 2687 3002 Quatenus
2709 2926 2763 3002 in
2783 2919 2948 3002 specie
2965 2928 3214 3002 columst
3233 2919 3313 2984 vei
3329 2931 3485 3002 ignis;
3495 2929 3615 3002 Disc.
3636 2928 3725 2993 Qua-

2231 2992 2360 3116 ξιξῗὲ
2389 2995 2645 3104 probatur
2676 2997 2762 3051 hic
2803 2992 3031 3067 Spiritus
3073 3013 3104 3053 a
3145 2999 3307 3055 Patre
3347 2992 3402 3055 Et
3448 2999 3568 3054 Filio
3599 2992 3725 3069 prece-

2269 3077 2404 3118 ere!

2302 3133 2446 3211 Magi
2484 3135 2625 3191 Nihil
2655 3137 2796 3211 aliud
2823 3138 3050 3211 Spiritus
3078 3150 3298 3211 sanctus
3317 3184 3333 3208 ,
3360 3156 3508 3211 quam
3537 3137 3730 3211 amorDei
3802 3119 3803 3152 ¹

2231 3204 2572 3280 inteiligitui‘,
2616 3208 2754 3263 unde
2784 3217 2837 3263 et
2865 3204 3018 3264 'Deus
3044 3210 3282 3267 charitas
3319 3204 3503 3267 dicitur
3553 3210 3597 3280 (Ι
3620 3209 3727 3263 Jour.

2231 3289 2308 3336 tv,
2337 3275 2467 3351 lii).
2501 3276 2721 3351 Coristat
2766 3290 2941 3351 autem
2971 3281 3092 3351 quia
3121 3281 3287 3337 Pater
3325 3282 3506 3337 Filium
3545 3275 3590 3336 ut
3611 3280 3726 3346 seip-

2231 3358 2348 3423 _sum
2369 3345 2540 3423 diligit
2565 3388 2582 3423 _,
2610 3357 2665 3403 et
2703 3349 2827 3423 item
2855 3345 3022 3404 Filius
3059 3351 3276 3408 Patrem
3317 3363 3546 3423 tauquam
3591 3345 3728 3423 semet-

2231 3414 2406 3494 ipsum
2434 3414 2609 3494 diligit
2633 3435 2661 3494 ;Δ
2679 3421 2781 3474 vita
2817 3435 3047 3494 namque
3073 3423 3252 3492 diligit
3281 3438 3338 3479 se
3365 3414 3561 3494 sapere,
3580 3432 3619 3494 et
3642 3421 3725 3494 item

2231 3488 2488 3562 sapientia
2519 3488 2688 3559 diligit
2731 3503 2790 3544 se
2827 3488 3005 3546 vivere
3037 3509 3050 3546 :
3080 3488 3206 3548 vita:
3235 3488 3495 3549 autem—et
3526 3490 3726 3562 sapientia;

2229 3557 2585 3634 probata_est
2620 3557 2730 3634 una
2779 3563 3010 3616 essentia
3059 3578 3203 3634 esse.
3261 3564 3419 3634 Igitur
3460 3557 3635 3619 dilectio
3667 3557 3723 3634 vel

2230 3640 2388 3704 amor
2411 3628 2490 3704 vel
2510 3629 2778 3704 ch_aritas_,
2810 3634 2948 3704 quod
2975 3643 3059 3688 est
3081 3628 3312 3702 Spiritus
3335 3645 3554 3699 sanctus,
3580 3629 3718 3704 insuit-

2230 3699 2422 3751 stantia
2445 3700 2617 3754 Patris
2641 3712 2694 3756 et
2723 3697 2846 3757 Filii
2867 3697 3238 3761 coessentialis
3268 3708 3478 3772 existit;
3503 3697 3550 3760 et
3574 3697 3716 3758 ideal!)

2231 3778 2458 3842 utroque
2483 3771 2758 3842 inqualiter
2786 3775 3043 3842 procedit.

2254 3909 2266 3920 _
2303 3839 2534 3920 Dise-Si
2567 3839 2801 3920 Spiritus
2829 3846 3219 3920 sanctusAPairi
3251 3857 3305 3903 et
3333 3847 3460 3902 Filio
3477 3841 3719 3920 coessentia:
3750 3865 3756 3874 -

2229 3907 2296 3963 lis
2321 3910 2500 3964 existit
2526 3952 2542 3976 ,
2571 3907 2839 3980 quomodo
2863 3915 2931 3969 ab
2961 3917 3232 3973 individua
3263 3919 3530 3972 substantia
3553 3909 3719 3982 separari

2268 3983 2444 4061 (iniit,
2495 3995 2628 4061 cum.
2650 3985 2716 4061 in
2779 3986 3275 4061 specieicolumbae
3321 4005 3469 4061 super
3515 3984 3718 4061 hominum

2277 4049 2461 4131 Manli.
2497 4066 2574 4131 in,
2607 4054 2676 4108 16
2697 4049 2861 4131 ),_vel
2890 4056 2944 4110 in
2970 4056 3140 4114 forma
3170 4061 3304 4131 ignis
3329 4049 3478 4129 super
3510 4052 3718 4125 Apostolus

2228 4122 2473 4193 apparuit
2498 4120 2642 4191 (Act.
2665 4120 2722 4190 tt,
2753 4127 2841 4193 5).

2300 4191 2437 4247 MAG.
2485 4193 2711 4263 Spiritus
2737 4191 2905 4250 sancti
2932 4199 3228 4254 substantia
3257 4217 3358 4257 non
3385 4209 3459 4255 est
3507 4199 3550 4252 in
3575 4195 3718 4250 colum-

2228 4261 2349 4316 bam
2371 4263 2456 4334 vcl
2479 4261 2650 4334 ignem
2675 4275 3043 4334 transmutata,
3067 4271 3198 4324 sicut
3222 4287 3318 4326 nec
3343 4270 3487 4324 verbi
3504 4270 3546 4322 in
3565 4275 3716 4320 carnem

2227 4332 2603 4409 transformata
2628 4354 2652 4409 i:
2695 4337 2790 4391 sed
2817 4332 3050 4407 Spiritus
3074 4352 3288 4396 sanctus
3323 4339 3559 4397 columbm
3579 4346 3716 4409 carpi}?

2228 4404 2596 4481 condidit_(a),
2627 4407 2812 4481 inquo
2840 4402 2898 4462 se
2928 4411 2992 4481 ad
3025 4410 3211 4466 horam
3238 4425 3392 4481 super
3417 4402 3714 4481 corpus__V_erN

2230 4471 2654 4556 inseparabiliter
2684 4479 2698 4508 ¹
2724 4471 2793 4532 ad
2821 4480 3199 4556 testimonium
3214 4471 3514 4556 hominibus
3524 4475 3715 4556 Xisibileni

2268 4546 2454 4621 imbuit
2484 4588 2497 4610 ,
2542 4548 2827 4621 ipse_vero
2870 4552 3147 4606 invisibilis
3190 4554 3240 4608 in
3283 4553 3494 4608 essentia
3524 4546 3654 4621 Patris
3679 4549 3714 4621 tl

2278 4616 2391 4692 e_rhi
2429 4617 2850 4692 inseparabiliter
2879 4622 3090 4692 mansit.
3137 4623 3350 4678 Animas
3389 4635 3573 4692 quoque
3600 4616 3713 4692 (iiSCij

2227 4685 2472 4763 pulcrum
2526 4679 2746 4763 interius
2794 4691 3102 4760 possidens,
3139 4695 3264 4748 foris
3289 4679 3514 4763 spec-ient.
3537 4687 3640 4758 ignis
3659 4679 3711 4734 id

2227 4757 2444 4834 luminis
2468 4757 2942 4834 oculismhominum
2953 4778 3066 4834 _pro
3086 4765 3235 4834 signo
3259 4757 3494 4827 exhibuit,
3519 4757 3567 4814 et
3587 4767 3710 4834 tam?"

2227 4841 2257 4900 a
2309 4828 2600 4900 substantia
2644 4830 2816 4885 Patris
2857 4842 2911 4886 et
2953 4825 3073 4887 Filii
3117 4825 3222 4889 rion
3253 4825 3496 4897 recessit;
3531 4825 3708 4900 proiecto

2226 4896 2499 4952 insinuans
2527 4900 2666 4974 quod
2698 4901 2856 4956 Pater
2884 4911 2937 4957 et
2967 4903 3130 4958 Filius
3158 4921 3250 4974 per
3280 4921 3392 4960 eum
3420 4896 3596 4974 peccata
3619 4908 3708 4950 000'

2225 4980 2483 5035 sumunt,
2531 4981 2584 5024 et
2629 4972 2680 5025 in
2726 4987 2909 5026 eorum
2939 4970 3176 5030 amorem
3207 4970 3458 5031 hominum
3483 4970 3612 5025 corda
3644 4976 3707 5033 per

2226 5039 2726 5118 ipsurn_accendunt
2758 5061 2772 5108 ;
2801 5052 2856 5098 et
2880 5045 3021 5118 quod
3050 5048 3237 5118 impios
3261 5063 3349 5118 per
3368 5060 3474 5099 eum
3499 5041 3553 5118 ad
3579 5040 3701 5118 igitur!

2219 5107 2532 5234 {indifabunt
2558 5152 2572 5178 ,
2592 5107 2768 5182 justos
2787 5107 2914 5170 vero
2943 5107 3142 5173 lumine
3164 5107 3279 5173 vita?
3304 5119 3352 5171 in
3379 5118 3479 5185 ipso
3501 5107 3702 5183 gloriﬁca-

2262 5196 2328 5234 un
2361 5221 2372 5234 .

2262 5189 2372 5234 unt.

2292 5249 2519 5309 CAPUT
2548 5253 2796 5328 XlXaDe
2818 5257 3108 5324 wqualitate
3135 5273 3454 5328 personarum.
3481 5251 3565 5328 Cur
3586 5243 3702 5299 deitas

2220 5321 2459 5396 virtutum
2499 5325 2754 5380 vocabulis
2783 5321 2885 5381 nou
2925 5321 3144 5383 colatur:
3184 5331 3318 5385 Disc.
3347 5321 3581 5396 Quomodo
3609 5327 3700 5370 0οη·

2220 5393 2449 5471 sta_t_has
2479 5409 2736 5471 personas
2765 5413 2885 5453 esse
2915 5402 3145 5469 aequales
3180 5401 3204 5454 ?
3359 5393 3384 5396 Ὗ
3555 5460 3566 5471 ,

2291 5464 2431 5520 MAG.
2479 5464 2630 5520 'Deus
2684 5476 2769 5523 est
2815 5464 3021 5525 summa
3071 5473 3202 5536 vita,
3243 5482 3429 5525 summa
3475 5464 3692 5536 sapientia,

2221 5550 2428 5592 summa
2469 5537 2706 5594 dilectio.
2748 5540 3016 5606 Quantum
3056 5535 3194 5614 ergo
3223 5544 3319 5596 vita
3357 5538 3499 5600 vivit,
3544 5535 3690 5584 tantum

2201 5723 2250 5832 ._
2285 5758 2474 5832 5mm,
2497 5773 2584 5824 ρετ
2627 5774 2802 5832 cetera
2833 5763 2929 5832 sibi
2967 5765 3328 5832 inseparabiliter
3348 5751 3584 5814 mu,
3615 5753 3681 5797 eis

2218 5827 2436 5885 Fortasse
2454 5856 2470 5882 ,
2491 5823 2822 5885 separabiliter
2845 5826 3047 5877 unitmn.

2284 5882 2360 5948 (a)
2393 5886 2478 5935 Hic
2491 5882 2672 5940 desinit
2689 5888 2852 5943 versio
2872 5902 3054 5955 graeca.
