3842 6266
190 377 218 434 7

113 380 218 439 loli
1077 380 1284 419 unus
1323 380 1414 419 ms
1447 380 1606 422 υυω

113 485 375 556 seintelligit
401 490 453 540 et
473 485 672 537 tantum
695 490 758 556 se
775 475 966 556 diligit.
1000 474 1057 534 Si
1081 476 1223 532 enim
1249 490 1358 530 non
1401 484 1606 530 tantum

110 579 155 620 se
181 551 386 625 intelligit
419 561 663 625 quantum
703 551 860 615 vivit,
900 561 1229 625 nequaquam
1278 561 1485 600 summa
1525 561 1612 602 sa-
1657 608 1659 610 η

136 617 259 688 ientia
284 617 375 684 erit
400 641 413 690 ;
436 617 506 680 ἐι
528 625 572 677 si
600 636 706 676 non
735 630 938 675 tantum
980 617 1040 674 se
1064 617 1237 687 diligit
1263 627 1518 690 quantum
1551 632 1611 673 se

136 651 259 688 lentia
284 651 375 684 em
400 651 413 690 ᾖ
454 651 506 680 Cl
528 651 572 677 al
603 651 706 676 ιιυιι
737 651 938 675 salttum
981 651 1040 674 ac
1064 651 1237 687 uti-5“
1263 651 1518 687 quantum.
1552 651 1608 673 δυ

108 651 324 770 iittelligit,
367 709 560 770 summa
601 692 814 770 dilectio
853 691 1072 744 minime
1114 689 1312 770 existit.
1344 687 1447 743 Sed
1487 703 1608 770 eum

107 758 547 843 ipsiusvsubstantia
584 763 862 819 verissime
909 759 1426 843 summum-bonum
1476 758 1545 812 sit
1591 776 1606 825 ;

104 831 262 898 summa
295 847 454 893 autem
499 836 602 890 vita
623 877 639 901 ,
670 843 722 889 et
749 847 954 888 summa
994 831 1250 900 sapientia
1277 871 1291 893 ,
1317 839 1373 886 et
1400 845 1606 886 summa

103 913 270 967 dilectio
293 924 386 964 non
415 906 510 962 nisi
538 907 588 960 in
615 919 824 960 summo
852 904 991 958 bono
1014 902 1235 956 inveniri
1268 901 1434 970 possit
1460 917 1475 966 ;
1511 915 1607 954 ne-

103 985 283 1038 cessario
301 979 522 1048 sequitur
545 986 654 1031 tres
678 989 969 1048 personas,_
987 973 1157 1048 Patris
1184 972 1448 1048 gignentis
1471 1012 1487 1037 ,
1522 971 1609 1024 Fi-

103 1054 141 1107 lii
164 1052 312 1122 geniti,
339 1043 554 1122 Spiritus
580 1043 758 1122 sancti
777 1043 1259 1122 procedentis,_per
1286 1043 1462 1122 omnia
1487 1056 1608 1122 esse

101 1113 314 1192 teqtiales,
355 1113 405 1175 et
431 1121 481 1174 in
525 1133 629 1192 una
662 1113 954 1187 eademque
997 1113 1266 1170 individua
1311 1113 1608 1168 substantia

100 1190 308 1248 summum
334 1193 517 1246 bonum
545 1190 854 1243 existentes.

153 1265 262 1318 Dtsc.
298 1261 397 1317 Cur
419 1261 470 1316 in
488 1260 571 1314 his
598 1259 868 1314 vocabulis
893 1255 1061 1326 magis
1079 1255 1250 1311 deitas
1270 1256 1602 1326 veneratur',

101 1349 188 1388 cum
213 1331 546 1388 misericordia
585 1339 640 1385 et
673 1329 874 1397 justitia
913 1337 970 1383 et
988 1325 1199 1382 caetera
1225 1327 1449 1381 virtutes
1491 1325 1606 1395 ejus

98 1405 290 1458 essentize
314 1400 686 1472 assignentur?

148 1474 254 1530 llic.
289 1466 527 1541 Quia'illa
570 1479 693 1526 sunt
711 1470 763 1526 ei
812 1469 1025 1541 proprie
1049 1466 1344 1541 secundum
1368 1481 1442 1541 _se
1473 1467 1603 1541 sub-

98 1538 327 1611 stantialia;
372 1545 466 1599 ista
519 1557 648 1598 vero
689 1539 979 1596 secundum
1019 1554 1118 1594 nos
1145 1539 1194 1594 ei
1234 1538 1601 1611 accidentalia.

97 1608 336 1670 Misericors
371 1628 596 1682 namque
630 1612 754 1667 inde
789 1611 1004 1675 dicitur,
1037 1625 1142 1682 non
1167 1609 1311 1680 quod
1348 1608 1602 1682 miserum

96 1700 162 1738 cor
181 1685 374 1750 habeat;
403 1679 749 1740 sed-omnem
779 1682 1047 1736 miseriam
1075 1679 1233 1750 longe
1282 1696 1313 1735 a
1347 1679 1454 1734 Deo
1483 1695 1604 1734 esse

94 1757 194 1809 ratio
213 1758 395 1826 probat.
425 1755 633 1810 Justum
660 1761 837 1826 autem
859 1752 1087 1806 humana
1112 1749 1308 1826 locutio
1335 1749 1598 1826 nominat,

94 1827 156 1892 qui
177 1820 305 1882 bonis
327 1827 478 1891 bona,
501 1826 656 1880 malis
677 1824 814 1878 mala
840 1830 1228 1892 recompensat.
1255 1821 1450 1876 Verum
1477 1820 1602 1890 quia

94 1895 196 1952 Deus
219 1897 406 1952 miseris
432 1897 484 1951 in
511 1895 744 1951 miseriis
769 1893 1035 1960 subvenit,
1067 1907 1263 1948 nomen
1303 1892 1604 1947 misericor-

93 1964 150 2019 dis
169 1967 236 2022 vel
273 1967 638 2023 misericordia:
675 1964 922 2036 accepit:
962 1963 1214 2036 quamvis
1250 1964 1296 2036 si
1334 1977 1602 2036 nunquam

91 2037 231 2106 aliquis
255 2039 402 2093 miser
428 2037 635 2102 fuisset,
667 2037 750 2092 cui
793 2033 1210 2090 titisericordiam
1250 2033 1597 2106 impenderet,

91 2103 166 2161 nou
188 2109 344 2164 minus
367 2117 545 2164 tamen
587 2109 640 2163 in
669 2106 962 2162 substantia
989 2106 1070 2160 sui
1099 2106 1212 2176 ipsa
1240 2103 1600 2176 misericordia

91 2179 302 2248 existeret.
328 2179 452 2247 Quia
477 2194 611 2234 vero
655 2178 812 2247 justis
839 2176 1062 2248 largitur
1106 2174 1344 2248 praemia,
1395 2174 1603 2248 injustis

87 2245 188 2321 iusta
211 2245 390 2321 irrogat
413 2245 705 2321 supplicia;
729 2248 874 2321 juste
900 2245 1124 2321 vocatur
1136 2245 1312 2321 justus
1339 2245 1423 2300 vel
1439 2245 1602 2321 _justi-

90 2317 138 2371 tia
169 2335 182 2372 :
214 2317 369 2376 tamen
419 2317 692 2376 si'itullus
732 2317 870 2374 foret
901 2318 984 2373 cui
1013 2318 1097 2372 vel
1122 2317 1344 2385 gloriam
1371 2317 1454 2369 vel
1491 2330 1604 2384 pte-

89 2402 175 2460 ttam
197 2391 522 2460 impenderet,
555 2406 660 2446 non
691 2390 867 2444 minus
895 2387 1233 2460 ipsejustitia
1258 2387 1596 2442 subsisteret.

87 2455 148 2512 Sic
171 2461 226 2516 de
250 2455 442 2518 ceteris
466 2462 757 2518 virtutibus
786 2455 1142 2514 sentiendum.

133 2529 320 2614 CAPUT
353 2531 868 2614 XX.‘_An‘nonlaliqui
900 2529 1177 2612 necessario
1199 2529 1391 2614 _iniseri
1421 2545 1441 2594 ;

85 2612 165 2653 tero
195 2613 350 2657 auctor
383 2605 533 2658 mali.
563 2603 712 2670 Quod
761 2599 868 2655 sine
889 2601 1083 2654 miseris
1098 2599 1301 2670 justitia
1337 2599 1603 2670 etmiseri-

84 2672 212 2746 cordia
231 2672 312 2728 Dei
335 2669 651 2746 manifestari
679 2681 881 2746 queant.
905 2671 1057 2746 _Dtsc.
1088 2669 1221 2746 Hinc
1245 2669 1491 2746 _maxima
1519 2670 1598 2724 vi-

85 2739 199 2796 detur
219 2746 425 2813 quaestio
464 2739 720 2799 suboriri.
749 2742 806 2797 Si
847 2740 1472 2813 misericordiaADeinon
1499 2755 1599 2813 ρετ

85 2813 152 2886 luit
171 2810 377 2883 digitosci
411 2816 516 2870 nisi
550 2830 645 2886 per
673 2813 917 2886 miseros,
949 2827 1048 2886 nec
1065 2811 1278 2886 ju_sti_ti_:_t_
1310 2810 1427 2880 ejus
1474 2810 1601 2886 sciri

82 2880 151 2934 nisi
191 2880 271 2950 per
311 2880 670 2949 damnandos;
721 2884 930 2938 videtur
990 2880 1368 2937 inevitabiliter
1407 2881 1597 2950 sequi,

81 2953 282 3019 quosdam
305 2957 612 3013 necessario
639 2955 864 3010 miseros
889 2953 1075 3016 factos.
1108 2967 1202 3023 per
1229 2966 1366 3023 quos
1391 2952 1600 3008 miseri-

79 3023 212 3096 cordia
238 3026 320 3082 Dei
355 3027 713 3091 revelaretnr,
756 3033 812 3080 et
843 3023 1102 3096 quosdam
1158 3023 1461 3096 necessario
1504 3023 1600 3096 daf

80 3095 304 3168 _tnnabiles,
331 3114 422 3165 per
444 3112 586 3168 quos
595 3096 802 3168 justitia
813 3092 1363 3168 Deimanifes‘taretnr.
1375 3092 1528 3168 Quod
1553 3094 1599 3148 si

79 3163 126 3215 ita
159 3175 242 3229 est,
271 3163 373 3234 jam
401 3163 610 3224 frustra
647 3166 1015 3236 pracdicabitur
1043 3164 1238 3218 malum
1280 3163 1409 3218 nihil
1446 3179 1596 3236 esse,

77 3246 162 3311 cum
215 3238 333 3293 nihil
386 3235 771 3311 pejuspossit
827 3236 1111 3311 excogitari
1176 3235 1598 3311 qua_m_miseria

78 3305 360 3365 etdamnatio
381 3305 477 3366 {et
493 3311 544 3364 si
569 3305 670 3364 hoc
703 3323 801 3378 per
826 3306 1148 3378 validissima
1184 3305 1404 3359 rationis
1441 3321 1599 3378 argu-

77 3384 208 3432 menta
262 3395 361 3435 non
409 3377 802 3444 inlirmabitur,
851 3377 962 3447 jam
1009 3377 1148 3430 Dens
1187 3389 1452 3429 summum
1505 3377 1599 3429 bo-

78 3458 172 3525 num
190 3451 388 3525 minime
415 3451 780 3525 cognoscitur,
813 3449 920 3525 imo
948 3455 1131 3502 auctor
1160 3447 1288 3525 tanti
1318 3447 1440 3500 mali
1471 3461 1600 3525 con-

76 3517 266 3574 vincitur.
312 3517 514 3578 Porro'
534 3522 578 3576 si
627 3520 797 3575 noluit
822 3521 908 3574 vel
957 3533 1062 3571 non
1099 3519 1268 3587 potuit
1315 3517 1599 3573 ostendere

75 3599 183 3658 suam
205 3592 616 3648 misericordiam
643 3591 744 3646 nisi
768 3592 822 3644 in
852 3589 1081 3653 miseris,
1111 3587 1372 3658 justitiam
1417 3589 1516 3642 nisi
1545 3589 1598 3642 in

73 3655 360 3733 damnandis;
400 3666 530 3733 quis
575 3679 680 3716 non
721 3661 900 3733 videat
924 3655 1250 3733 sequipeu‘m
1281 3658 1598 3733 malevoium

75 3728 130 3781 rei
151 3728 501 3801 impotentem;
538 3734 589 3788 in
607 3747 732 3796 uno,
756 3730 898 3801 quod
924 3730 1118 3801 bonum
1143 3729 1251 3801 nisi
1283 3744 1376 3801 per
1401 3729 1597 3783 malum

72 3799 298 3859 ostendere
324 3799 590 3868 noluerit;
623 3803 679 3858 in
720 3799 910 3868 aliero,
938 3799 1082 3870 quod
1107 3799 1262 3854 aliter
1292 3799 1469 3855 facere
1491 3815 1600 3854 non

73 3875 287 3934 poluerit?

117 3939 229 4014 ilio.
257 3946 379 4014 Quis
400 3948 484 4003 vel
532 3946 754 4001 demens
787 3943 906 3999 haec
933 3949 1220 4014 praesumat
1245 3938 1444 4004 dicere,
1499 3940 1601 4014 mi-

72 4010 363 4088 sericordiam
388 4027 443 4073 et
462 4017 728 4088 justitiam
754 4015 844 4069 Dei
876 4010 988 4088 nisi
1007 4027 1102 4082 per
1128 4011 1353 4065 miseros
1397 4018 1459 4088 et_
1471 4010 1601 4088 _da-

71 4085 281 4141 mutandos
326 4080 661 4144 manifestari
712 4099 817 4140 non
848 4080 1118 4154 potuisse,
1149 4096 1269 4137 cum
1320 4080 1600 4138 manifeste

67 4162 233 4210 constet
258 4173 352 4214 nos
379 4159 626 4216 occultas
654 4157 866 4212 divitias
905 4169 1008 4210 non
1037 4154 1207 4208 solum
1239 4167 1334 4221 per
1358 4161 1597 4220 egentes,

66 4221 134 4274 sed
154 4227 292 4282 etiam
316 4245 407 4297 per
425 4229 766 4285 abundantes
788 4227 1157 4297 demonstrare
1175 4222 1364 4292 posse?
1381 4221 1434 4278 Si
1457 4223 1600 4297 enim

66 4297 278 4353 occultam
317 4293 565 4356 habuero
608 4299 906 4369 pecuniam,
947 4309 1071 4369 non
1096 4293 1218 4369 ideo
1243 4308 1463 4369 necesse
1500 4295 1602 4348 erit

63 4375 332 4442 qyﬁmquam
360 4364 652 4442 pauperem
680 4372 931 4442 existere,
957 4367 1043 4442 cui
1059 4364 1332 4442 largiendo
1347 4379 1468 4442 eam
1491 4379 1602 4418 ma-

64 4432 262 4494 nifestam
291 4432 500 4506 fac'iam',
531 4456 652 4496 cum
683 4432 1089 4508 idipsum'diviti
1118 4432 1396 4508 tribuendo
1427 4435 1602 4508 facere

65 4515 246 4583 quoam;
277 4513 366 4568 sed
395 4505 577 4583 potius
606 4513 650 4566 si
678 4505 1130 4583 pauperquilibet
1155 4507 1390 4583 existens
1418 4505 1486 4560 ad
1517 4521 1602 4583 me

63 4581 251 4653 venerit,
281 4583 346 4638 de
375 4576 587 4638 occulta
613 4576 832 4653 pecunia
849 4581 897 4653 ei
924 4576 1344 4653 misericordiam
1367 4576 1601 4653 impendi

66 4651 307 4724 oportebit.
337 4654 536 4724 Sicque
563 4647 680 4722 ejus
717 4650 1048 4724 experientia
1074 4663 1159 4724 me
1186 4649 1390 4724 largum
1425 4655 1480 4702 et
1495 4647 1602 4724 Ἰοῖ

61 4719 279 4782 eupletem
305 4717 658 4794 comprobat;
691 4717 829 4794 quod
870 4721 1009 4794 idem
1031 4719 1091 4794 in
1111 4718 1273 4794 divite
1308 4733 1464 4794 posse
1490 4717 1603 4772 fieri

63 4796 250 4864 constat,
279 4790 523 4864 quamvis
553 4790 799 4864 pauperis
822 4792 907 4864 vel
938 4790 1116 4845 divitis
1141 4791 1361 4864 scientia
1386 4797 1476 4843 aut
1504 4803 1601 4864 cx-

63 4859 276 4931 perizrntia
297 4859 432 4920 nihil
468 4859 598 4919 mihi
623 4859 881 4925 utilitatis,
925 4870 1108 4931 ntputa
1131 4861 1308 4914 omnia
1338 4859 1471 4913 bona
1505 4859 1601 4911 ba-

61 4921 192 5006 benti,
215 4936 482 5001 conferat;
509 4936 638 5006 ipsis
664 4944 840 4988 autem
867 4921 1170 5006 ittilia,_imo
1193 4931 1491 5006 necessaria
1517 4945 1604 5006 me

62 4993 241 5075 habere,
287 5009 364 5060 eis
409 4993 552 5062 scire
591 5015 645 5061 et
691 5004 920 5075 experiri
954 5003 1179 5075 multum
1229 5001 1493 5075 expediat.
1542 4998 1598 5075 In

60 5062 172 5147 hunc
205 5062 393 5147 quippe
437 5077 656 5132 modum
706 5062 956 5147 si-nullus
998 5071 1280 5147 aliquando
1301 5062 1602 5147 'miser__vel

58 5135 341 5200 damnabilis
378 5149 584 5212 fuisset,
623 5149 760 5200 Deus
797 5135 1136 5212 omnipotens
1180 5140 1602 5212 misericordiam

59 5215 100 5287 gl
118 5212 351 5276 justitiam
378 5220 429 5272 in
453 5219 656 5287 angelis
675 5225 729 5270 et
770 5211 1402 5287 ltominibus‘nonminus
1429 5211 1602 5287 _maui-

57 5274 216 5355 restare
244 5274 620 5355 ρυιιιίςεεῑ,”‹1ε
645 5301 739 5342 sua
771 5286 1019 5340 videlicet
1041 5283 1363 5355 abundantia
1394 5283 1474 5337 eis
1505 5283 1605 5336 mi-

54 5353 357 5428 sericorditer
383 5359 658 5428 largiendo
698 5356 842 5427 quod
884 5355 1102 5410 minime
1128 5353 1422 5428 baberent;
1453 5369 1606 5428 ,βηθ-

53 5425 206 5477 sertim
230 5441 347 5483 cum
377 5423 556 5484 omnis
583 5423 824 5484 creatura
851 5442 881 5480 a
911 5441 970 5481 se
996 5426 1214 5480 omnino
1237 5423 1366 5478 nihil
1385 5423 1596 5485 habeat,

52 5492 312 5568 sed_omnia
342 5502 413 5555 ab
456 5501 571 5568 ipso
595 5501 743 5554 fonte
782 5497 1024 5552 omnium
1069 5497 1330 5568 bonorum
1357 5494 1601 5562 accipiat,

52 5572 100 5639 ac
123 5563 246 5622 dona
264 5584 356 5641 sua
380 5571 436 5624 in
463 5563 731 5641 suisjuste
750 5567 1117 5624 conservando
1138 5582 1255 5636 quae
1281 5566 1433 5641 abeo
1453 5580 1604 5641 acce-

53 5635 240 5706 pissent.
299 5640 366 5694 Et
414 5641 537 5696 ideo
575 5635 681 5696 non
734 5646 853 5695 erat
902 5652 1121 5693 necesse
1157 5635 1218 5692 ut
1257 5637 1337 5691 vel
1383 5635 1604 5706 angelus

50 5700 418 5780 damnationem
463 5711 528 5765 ad
569 5709 1011 5766 manifestandam
1057 5709 1149 5763 Dei
1182 5700 1477 5779 justitiam;
1519 5707 1603 5763 vel

105 5858 119 5889 ¹
149 5857 264 5914 aditi
282 5861 394 5916 hinc
416 5862 615 5929 addunt,
647 5875 796 5930 quam
813 5861 1024 5915 aliarum
1045 5861 1289 5913 virtutum.

1077 359 1284 419 LIBER
1319 357 1414 419 DE
1447 355 1855 422 COGNiTIONE
1894 364 2104 424 VERE
2139 365 2352 426 VITE.

3164 376 3303 434 1018

1718 476 1880 532 homo
1926 477 2199 535 miseriam
2244 479 2311 535 ad
2341 478 2713 536 declarandam
2743 481 2841 539 Dei
2871 485 3295 546 misericordiam

1718 548 2046 627 inciderent;
2075 566 2196 627 cum
2219 560 2503 627 utrumque
2529 552 2579 627 in
2604 555 2863 609 stantibus
2888 559 3089 627 angelis
3117 558 3301 615 decla-

1716 622 1915 696 rave_rit
1952 621 2376 696 misericordiam
2417 622 2683 696 videlicet,
2720 640 2873 696 reosa
2907 621 3053 696 lapsu
3074 644 3295 686 conser-

1716 691 1916 764 vando;
1944 693 2222 759 justitiam,
2251 694 2328 746 eis
2358 696 2573 764 praemia
2591 694 2786 750 dando.
2813 695 2944 762 Quia
2960 691 3142 754 autem
3166 701 3301 756 libe-

1715 763 2070 838 ra_vol_unta_t_e
2100 765 2320 838 angelus
2350 763 2442 838 vel
2467 764 2624 818 homo
2649 781 2677 818 a
2707 767 2815 821 Deo
2842 778 3294 838 apostatnverunt,

1715 833 2135 908 misericordiam
2183 842 2242 908 et
2275 834 2559 908 justitiam,
2606 839 2754 905 quasi
2807 833 2957 905 prius
3005 833 3294 908 occultam,

1715 904 1992 981 manifeste
2036 904 2245 981 experti
2275 913 2462 981 _suut,
2508 904 2673 981 _dum_
2703 904 2847 981 illum
2902 909 3112 981 justitia
3154 904 3298 981 juste

1713 973 2002 1035 damnavit.
2033 973 2190 1029 istum
2217 974 2577 1031 misericordia
2605 973 3023 1034 misericOrd'iter
3037 981 3108 1036 de
3131 973 3295 1038 mise-

1713 1045 1790 1100 ria
1843 1045 2100 1100 liberavit.
2149 1046 2217 1100 Et
2251 1061 2371 1102 cum
2403 1047 2456 1102 in
2488 1048 2584 1102 hac
2617 1051 2944 1115 experientia
2994 1051 3124 1106 nihil
3186 1053 3296 1108 Deo

1714 1117 1958 1172 utilitatis
1985 1117 2299 1182 accreverit,
2333 1119 2384 1172 in
2415 1133 2520 1188 quo
2547 1119 2818 1188 plenitudo
2847 1121 3083 1176 omnium
3116 1123 3290 1177 bono-

1713 1197 2216 1262 rumAanteomnem
2245 1197 2481 1262 creatam
2499 1199 2796 1262 creaturam
2827 1190 3017 1255 fuerit;
3052 1194 3293 1262 sequitur

1711 1258 1852 1327 quod
1884 1259 2026 1312 nulla
2055 1260 2366 1328 necessitas,
2391 1261 2486 1315 sed
2511 1259 2623 1315 sola
2647 1261 2890 1317 voluntas
2916 1277 3008 1318 eos
3033 1262 3100 1318 ad
3128 1258 3291 1320 mise-

1711 1329 1842 1383 riam
1870 1331 2206 1397 compulerit.
2351 1333 2357 1338 ’
3348 1368 3353 1373 -

1781 1400 2004 1456 CAPUT
2043 1399 2184 1455 XXI.
2237 1400 2366 1456 Mali
2399 1401 2559 1455 Deum
2601 1413 2857 1458 auctorem
2885 1421 2985 1458 non
3038 1421 3162 1466 esse,
3203 1405 3293 1458 sed

1709 1470 2068 1526 ordinatorem.
2099 1471 2194 1524 Dei
2232 1471 2462 1544 bonitas.
2484 1471 2881 1544 Omnipotentia.
2919 1475 3085 1531 Deum
3111 1484 3289 1530 autem

1709 1556 1814 1595 non
1840 1556 1959 1596 esse
1982 1551 2252 1616 auctorem
2274 1542 2538 1616 mali_hinc
2564 1542 2744 1616 aperte
2764 1554 2993 1613 constat,
3015 1547 3155 1616 qttod
3179 1548 3292 1616 ipse

1709 1626 1867 1667 omne
1896 1613 2092 1667 malum
2121 1613 2356 1668 damnat.
2384 1614 2552 1669 Porro
2578 1613 2718 1671 quod
2755 1617 2950 1671 malum
2983 1613 3086 1670 non
3110 1613 3287 1671 subsi-

1708 1691 1846 1755 stat,
1893 1683 2112 1738 evidens
2157 1687 2292 1738 ratio
2338 1685 2546 1755 probat.
2589 1683 2774 1741 Omnis
2812 1688 2954 1742 enim
2995 1688 3290 1743 substantia

1709 1751 1848 1828 bona
1876 1762 1978 1828 est,
2013 1755 2106 1809 sed
2152 1751 2350 1809 malum
2368 1756 2588 1828 bonum
2625 1773 2732 1810 non
2764 1767 2879 1819 est;
2910 1759 3069 1828 igitttr
3095 1759 3289 1813 malum

1709 1824 2002 1896 substantia
2025 1840 2129 1879 non
2157 1835 2260 1889 est,
2291 1827 2384 1880 sed
2417 1826 2645 1896 privatio
2670 1828 2795 1882 boui
2815 1824 3170 1884 'esthidetur
3192 1844 3290 1883 au-

1708 1901 1817 1970 tem
1838 1895 2060 1970 _malum
2089 1896 2376 1970 quoddam
2396 1895 2586 1970 agendi
2617 1899 2700 1954 vel
2721 1899 2952 1970 patiendi
2992 1900 3290 1970 separabile

1707 1966 1990 2038 accidens;
2013 1965 2067 2020 in
2097 1965 2643 2038 actugquidem,rdum
2675 1965 2974 2025 inordinate
3001 1965 3206 2038 agitur;
3237 1971 3288 2024 in

1706 2037 1954 2105 passione
1977 2046 2176 2104 autem,
2211 2037 2337 2092 dum
2357 2037 2655 2094 inordinata
2684 2040 2822 2094 actio
2850 2040 2987 2095 bene
3013 2037 3289 2094 ordinabi-

1707 2115 1812 2179 t_ur.
1849 2108 1924 2178 (a)
1957 2107 2011 2162 In
2038 2123 2202 2176 regno
2227 2109 2422 2179 quippe
2446 2117 2632 2164 cuncta
2660 2110 2956 2165 ordinantis
2981 2111 3110 2165 nihil
3139 2112 3287 2165 inor-

1706 2177 1944 2233 dinatum
1964 2177 2298 2249 relinquitur.
2324 2177 2421 2235 Est
2447 2190 2622 2236 autem
2651 2189 2829 2236 rectus
2849 2182 3124 2237 rationalis
3142 2196 3294 2236 crea-

1709 2257 1847 2322 turae
1895 2249 2057 2322 ordo,
2107 2258 2165 2322 ut
2211 2251 2407 2322 caduca
2451 2259 2686 2322 respuat,
2740 2267 2988 2308 mansura
3040 2260 3287 2322 appetat;

1708 2318 1950 2390 homines
1978 2321 2030 2375 in
2051 2321 2226 2375 anima
2253 2318 2580 2377 immortales
2605 2321 2810 2390 diligat,
2833 2323 3000 2378 Deum
3022 2318 3290 2378 summum

1704 2389 1903 2461 bonum
1934 2406 2041 2460 prie
2068 2391 2315 2446 omnibus
2361 2407 2566 2457 amans,
2603 2389 2725 2461 ejus
2765 2389 3021 2448 voluntati
3050 2393 3286 2448 obediat.

1705 2460 1810 2531 Sed
1840 2461 1926 2531 qui
1945 2476 2209 2516 summum
2229 2461 2428 2517 bonum
2453 2460 2821 2528 contemnunt,
2844 2463 3102 2519 caducum
3129 2479 3288 2517 mun-

1705 2530 1759 2602 di
1788 2530 1982 2586 bonum
2011 2532 2254 2602 diligunt,
2301 2532 2473 2586 socias
2515 2534 2721 2587 animas
2761 2534 3078 2602 despiciunt,
3108 2534 3286 2588 carnis

1705 2601 1983 2673 desideriis
2037 2602 2323 2673 obediunt;
2393 2603 2445 2657 hi
2503 2603 2802 2658 inordinate
2843 2601 3061 2670 vivunt,
3105 2605 3289 2673 sicque

1705 2673 1901 2726 malum
1949 2671 2165 2727 faciunt.
2198 2672 2311 2728 Hoc
2353 2688 2485 2729 vero
2528 2674 2724 2728 malum
2763 2674 3115 2738 ordinabitur,
3155 2671 3286 2728 dum

1706 2743 1819 2798 haec
1844 2743 1983 2799 actio
2012 2744 2062 2797 in
2089 2745 2390 2799 passionem
2419 2744 2726 2798 mutabitur.
2757 2744 2888 2799 Nam
2913 2744 3038 2799 dum
3072 2745 3204 2799 tales
3233 2753 3290 2799 et
3326 2765 3327 2768 η

1703 2827 1913 2868 summo
1937 2824 1992 2870 et
2018 2813 2221 2869 caduco
2249 2813 2428 2868 mundi
2460 2815 2602 2870 bono
2627 2817 2918 2884 privantur,
2958 2831 3179 2870 necesse
3204 2821 3292 2870 est

1703 2893 1762 2939 ut
1781 2885 2005 2955 asperis,
2036 2900 2154 2954 quae
2179 2884 2446 2940 blanditiis
2465 2888 2728 2942 contraria
2758 2895 2903 2952 sunt,
2953 2885 3284 2950 afficiantur;

1701 2971 1821 3025 qua:
1843 2965 2018 3011 tamen
2047 2956 2097 3009 in
2125 2969 2185 3011 se
2215 2957 2344 3025 ipsis
2365 2961 2469 3010 non
2494 2966 2616 3010 sunt
2645 2958 2804 3021 mala,
2836 2955 2931 3011 sed
2961 2956 3283 3026 patientibus

1700 3026 1949 3082 videntur
1974 3041 2172 3080 amara.
2217 3026 2378 3096 Igitur
2406 3041 2502 3096 per
2529 3027 2927 3082 naturam‘nihil
2957 3038 3039 3083 est
3065 3027 3281 3096 malum.

1775 3097 1940 3152 Deum
1971 3107 2146 3152 autem
2183 3095 2449 3152 summum
2475 3098 2673 3154 bonum
2710 3098 2835 3152 hinc
2863 3105 3096 3161 constat,
3141 3095 3285 3168 quod

1699 3168 1854 3224 malis
1879 3176 1934 3222 et
1963 3170 2088 3229 reis.
2132 3169 2280 3237 quasi
2307 3177 2488 3223 contra
2532 3168 2813 3238 justitiam,
2860 3169 3282 3223 misericordiam

1701 3254 1852 3294 suam
1896 3247 2174 3308 praerogat.
2223 3239 2427 3309 Nempe
2477 3255 2507 3294 a
2559 3240 2703 3295 fonte
2747 3239 2941 3294 summi
2994 3238 3117 3293 boni
3165 3238 3286 3309 talis

1703 3307 1904 3379 iustitia
1926 3307 2126 3376 manat,
2155 3324 2258 3378 qua
2287 3307 2426 3364 Deus
2469 3311 2589 3379 jure
2634 3310 2867 3377 indignis
2905 3309 3148 3364 misereri
3185 3307 3286 3363 de-

1739 3390 1824 3435 eat
1850 3397 1862 3434 :
1893 3382 1980 3448 qui
2007 3380 2164 3435 etiam
2190 3380 2481 3435 benevolus
2506 3383 2556 3434 in
2585 3381 2686 3436 hoc
2715 3380 3114 3449 comprobatur,
3159 3379 3284 3448 quia

1701 3452 1848 3506 solus
1877 3458 1954 3504 tot
1977 3451 2130 3505 bonis
2157 3451 2255 3504 frui
2291 3451 2477 3515 noluit,
2509 3452 2602 3505 sed
2623 3467 2688 3507 ex
2720 3452 2884 3505 nihilo
2935 3460 3008 3504 tot
3039 3451 3288 3504 substan-

1702 3522 1802 3577 tias
1824 3521 2063 3592 protulit.
2091 3521 2283 3590 quibus
2314 3521 2448 3576 bona
2479 3523 2666 3591 gloriae
2704 3521 2992 3592 distribuit.
3022 3520 3281 3587 Omnipo-

1702 3591 2006 3654 tens’vero,
2053 3592 2160 3646 imo
2206 3592 2319 3660 ipsa
2363 3593 2746 3660 omnipotentia
2796 3593 2917 3646 hinc
2961 3591 3282 3657 declaratur,

1701 3665 1844 3734 quod
1868 3673 2071 3734 tantam
2085 3661 2382 3734 machinam
2401 3679 2578 3717 rerum
2596 3680 2715 3718 cum
2739 3663 2984 3722 omnibus
2999 3677 3116 3731 quae
3137 3669 3282 3734 sunt,

1702 3731 1874 3804 potuit
1898 3749 1960 3789 ev
2004 3733 2172 3788 nihilo
2211 3732 2463 3804 formare,
2510 3743 2563 3788 et
2590 3735 2764 3788 omnis
2792 3743 3032 3804 creatura
3063 3748 3184 3804 eum
3217 3731 3284 3786 ad

1702 3802 2082 3861 inconveniens
2111 3819 2216 3857 non
2256 3803 2442 3868 flectit,
2473 3804 2566 3858 sed
2589 3802 2842 3872 quidquid
2874 3811 2974 3864 est,
3007 3803 3157 3872 nutui
3187 3815 3284 3856 suo

1703 3884 1874 3945 paret.
1909 3876 2045 3928 Ecce
2091 3882 2198 3927 tota
2247 3875 2472 3945 munitio
2511 3871 2702 3945 vestrae
2728 3872 3106 3942 propositionis
3142 3871 3285 3940 jacet

1703 3943 1921 4000 subruta
1945 3945 2109 3998 ariete
2135 3943 2430 3998 manifesta:
2450 3943 2722 3998 rationis‘.

1773 4015 2000 4069 CAPUT
2039 4013 2201 4068 XXII.
2248 4013 2395 4066 Unde
2421 4031 2501 4068 res
2533 4022 2732 4067 creata.
2786 4011 2907 4066 Non
2943 4028 3004 4066 ea:
3032 4010 3132 4064 Dei
3160 4012 3284 4065 sub-

1703 4086 1908 4142 stantia.
1953 4083 2074 4137 Non
2103 4100 2166 4139 ea:
2194 4085 2403 4137 materia
2426 4084 2515 4138 sed
2541 4099 2602 4137 ea:
2626 4083 2804 4138 nihilo.
2837 4083 2939 4149 Qui
2981 4090 3145 4135 tamen
3184 4097 3287 4150 non

1705 4172 1768 4212 ea:
1791 4156 1969 4210 nihilo.
2006 4155 2147 4209 Dtsc.
2171 4154 2311 4210 Utile
2337 4163 2420 4208 est
2458 4154 2728 4209 munimen
2759 4153 2958 4208 erroris
3001 4153 3203 4217 subrui,
3232 4161 3288 4207 et

1705 4241 1882 4281 arcem
1928 4225 2167 4280 veritatis
2209 4226 2469 4287 construi,
2514 4226 2664 4289 cujus
2713 4224 3112 4279 fundamentum
3162 4223 3287 4291 quia

1705 4313 1867 4368 super
1897 4296 2073 4351 omnia
2108 4305 2376 4350 creantem
2414 4296 2674 4351 stabiliter
2711 4295 2916 4358 locasti,
2963 4301 3205 4368 superest
3228 4301 3288 4348 ut

1704 4364 2006 4424 machinam
2051 4382 2212 4437 super
2237 4368 2496 4436 originem
2540 4376 2802 4420 creaturae.
2846 4364 3178 4437 consolides,
3225 4379 3288 4419 ac

1706 4439 1866 4494 ﬁnem
1909 4437 2090 4492 mundi
2119 4435 2286 4493 'initio
2305 4435 2662 4493 continuando
2689 4437 2941 4500 aedifices,
2971 4435 3287 4502 culmenque

1706 4510 1760 4565 in
1805 4510 1913 4565 alto
1957 4510 2101 4580 regni
2151 4510 2411 4566 caelorum
2462 4524 2824 4580 consummes.
2867 4507 3047 4580 Itaque
3084 4507 3289 4559 ratione

1706 4582 1966 4652 probante
2012 4578 2415 4652 nobisrinsinna
2442 4589 2616 4634 utrum
2657 4578 2981 4652 universitas
3025 4584 3285 4652 creaturae

1707 4648 1773 4707 ex
1800 4652 2070 4707 Creatoris
2117 4651 2433 4713 substantia,
2478 4665 2549 4705 an
2575 4666 2637 4704 ex
2675 4649 2848 4719 aliqua
2877 4648 3287 4717 praecxistente'

1705 4725 1950 4783 materia.
1979 4739 2044 4776 an
2071 4738 2137 4776 ex
2167 4722 2334 4776 nihilo
2361 4723 2429 4776 sit
2451 4720 2681 4775 condita.

1779 4794 1913 4849 ΜΑε.
1949 4793 2115 4862 Hujus
2135 4801 2416 4847 structurae
2442 4805 2750 4859 compagem
2774 4789 2859 4862 hic
2887 4789 3075 4862 artifex
3101 4802 3290 4842 corro-

1709 4865 1932 4926 boravit,
1964 4860 2117 4931 cuius
2157 4878 2290 4932 opus
2315 4863 2510 4932 nullius
2539 4861 2806 4931 augmenti
2855 4860 3108 4913 molimen
3158 4875 3293 4912 con-

1711 4935 2000 5005 quassabit.
2024 4933 2104 4987 Ex
2145 4931 2452 5005 substantia
2481 4931 2748 5005 Creatoris
2778 4946 2836 5005 se
2859 4944 2978 5005 esse
3004 4931 3116 5000 ipsa
3143 4945 3293 4984 (ξι-ωει-

1709 5002 1823 5060 tura
1846 5013 2016 5073 negat,
2042 5013 2095 5057 et
2117 5004 2336 5058 evidens
2357 5003 2492 5056 ratio
2518 5003 2642 5056 totis
2669 5003 2834 5057 armis
2863 5002 2976 5056 suis
3004 5016 3168 5070 rcpng
3196 5010 3284 5053 .at.

1710 5077 1850 5132 Deus
1877 5089 2104 5144 namque
2128 5083 2212 5129 est
2239 5073 2602 5137 immutabilis,
2635 5074 2808 5127 omnis
2837 5080 3019 5128 autem
3045 5079 3290 5144 creatura

1708 5145 1978 5202 mutabilis
2007 5141 2031 5197 ε’
2053 5160 2171 5212 qua!
2201 5145 2245 5200 si
2267 5160 2332 5199 ex
2363 5144 2679 5198 immutabili
2703 5153 2886 5199 natura
2918 5141 3290 5212 processisset,

1709 5211 2100 5285 consequenter
2139 5225 2193 5272 et
2222 5219 2336 5284 ipsa
2379 5215 2725 5270 immutabilis
2751 5211 3294 5286 pcrdttraretl‘l‘orro

1708 5290 1752 5343 si
1779 5281 2140 5354 corruptibilis
2187 5281 2373 5341 natura
2400 5301 2463 5340 ex
2506 5287 2598 5341 Dei
2631 5281 2924 5340 substantia
2952 5281 3178 5352 prodiit,
3208 5293 3294 5332 se-

1709 5359 1891 5429 quitur
1910 5357 2049 5427 quod
2078 5358 2169 5413 Dei
2203 5358 2431 5412 essentia
2460 5355 2929 5429 corrumpipossit‘
2949 5365 3150 5429 :_quam
3183 5363 3294 5429 ere-

1707 5421 1783 5486 diu
1827 5421 2017 5483 mentis
2058 5429 2515 5495 inszmiamjacula
2561 5421 2778 5480 rationis
2801 5421 3132 5495 confodiunt,
3181 5427 3232 5471 et
3263 5435 3294 5473 a

1710 5501 1990 5572 praesentia
2019 5501 2257 5554 veritatis
2309 5493 2463 5572 longe
2504 5493 2957 5572 rejici-untaQuod
3002 5499 3290 5572 anteme-tt

1711 5563 1849 5626 nulla
1880 5572 2210 5625 substantiali
2240 5563 2459 5624 materia
2501 5563 2717 5622 condita
2746 5566 2834 5626 sit,
2888 5563 3009 5616 hinc
3053 5568 3287 5625 constat,

1707 5643 1869 5714 quod"
1904 5643 2032 5696 nihil
2087 5650 2279 5710 praeter
2311 5641 2475 5693 Deum
2529 5635 2704 5691 fuerit.
2756 5635 2936 5688 Restat
2975 5646 3105 5702 ergo
3145 5629 3292 5686 auod

1774 5736 1793 5802 ξ
1831 5733 1968 5791 Fditi,
1987 5745 2107 5802 arce
2119 5728 2362 5802 manifesti
2381 5725 2580 5777 πνοῆς.

1774 5797 1795 5826 ²
1830 5802 1957 5853 Mss.,
1983 5797 2234 5843 eIt'stcnte.
2305 5825 2314 5830 -

1778 5857 1850 5919 (α)
1887 5848 1954 5906 tta
1974 5855 2201 5904 illucitlat'.
2230 5853 2311 5902 lib.
2345 5853 2512 5912 μαψ.
2548 5848 2615 5899 16.
