3840 6386
520 497 665 556 1023

522 613 730 685 modoa
761 608 1371 685 statuimmutabilitatis
1413 607 1740 685 degenerant
1767 622 1781 660 :
1813 604 1930 659 talis
1970 618 2092 685 mu-

522 683 752 740 tabilitas
772 689 856 737 est
880 682 957 736 eis
986 680 1227 750 quaedam
1255 677 1571 734 mortalitas.
1602 677 1809 732 Animae
1831 690 1956 729 vero
1980 677 2092 729 sic-

521 764 580 810 ut
614 762 738 830 sunt
775 768 871 822 per
909 752 1099 830 _omn_ia
1128 752 1430 830 mutabiles,
1461 750 1531 830 ita
1569 762 1792 830 quoque.
1817 761 1954 816 pene
1987 761 2100 830 .per

525 825 702 879 omnia
735 818 1007 878 mortales.
1038 824 1177 878 Deus
1205 823 1400 892 quippe
1440 829 1522 875 est
1573 819 1679 872 vita
1708 818 1930 881 animae,
1959 818 2100 873 sicut

523 896 636 966 ipsa
665 904 746 966 est
783 894 888 949 vita
917 893 1154 963 corporis
1180 911 1202 966 :_
1220 893 1313 966 sed
1340 893 1478 966 sicut
1506 899 1774 966 mortuum
1802 898 1880 944 est
1907 902 2102 958 corpus

523 961 735 1036 quando
765 961 1144 1036 animam’non
1191 962 1382 1036 habet,
1425 964 1497 1015 ita
1545 961 1723 1036 anima
1767 967 1973 1013 mortua
2017 966 2103 1036 est

522 1029 642 1091 eum
675 1036 784 1090 Deo
821 1044 997 1098 caret;
1039 1034 1124 1089 vel
1169 1033 1304 1088 sicut
1326 1047 1504 1088 caecus
1526 1031 1710 1086 oculus
1749 1039 1990 1084 mortuus
2017 1029 2102 1082 di-

524 1107 662 1162 citur
688 1122 807 1161 cum
834 1107 952 1162 luce
978 1105 1230 1174 privatur,
1252 1104 1328 1158 sic
1349 1102 1526 1174 anima
1549 1113 1777 1174 mortua,
1802 1115 1922 1174 cum
1947 1099 2102 1174 beata

525 1177 632 1232 vita
661 1193 778 1246 quae
805 1185 884 1230 est
917 1169 1054 1230 Deus
1097 1190 1202 1230 non
1230 1174 1440 1246 lruiture.
1472 1173 1797 1246 Solusgergo
1836 1169 2101 1246 Deusha-

525 1246 614 1302 bet
661 1239 1136 1313 immortalitatem,
1168 1246 1290 1314 quia
1322 1244 1520 1298 nullam
1550 1239 1753 1312 recipit
1773 1239 2101 1314 mutabilita-

524 1327 651 1372 tem.
679 1318 774 1372 Hic
813 1317 972 1371 etiam
1005 1312 1150 1371 solus
1179 1312 1262 1371 est
1293 1314 1594 1382 invisibilis,
1626 1313 1747 1384 quia
1793 1312 1922 1366 llllIIi
1947 1325 2102 1384 crea-

524 1397 658 1464 turae
682 1387 748 1443 ad
769 1389 985 1457 plenum
1012 1387 1374 1456 intelligibilis.
1402 1385 1605 1454 Nempe
1632 1383 1816 1455 Angeli
1839 1391 1891 1438 et
1911 1383 2104 1464 animm

524 1452 800 1514 beatorum
827 1474 926 1515 suo
952 1474 1122 1522 more,
1152 1452 1257 1512 non
1288 1466 1490 1520 nostro,
1520 1452 1642 1512 eum
1668 1452 1878 1524 semper
1898 1452 2100 1524 vident;

523 1545 629 1585 non
662 1545 756 1600 per
782 1529 1056 1584 intervalla
1087 1528 1402 1598 spatiorum,
1425 1527 1562 1600 sicut
1604 1540 1702 1582 nos
1731 1523 1988 1600 corporea
2019 1523 2100 1576 vi-

521 1596 732 1666 demus,
759 1600 852 1656 sed
888 1603 1022 1654 intra
1053 1596 1194 1655 seet
1221 1607 1371 1653 extra
1402 1615 1460 1653 se
1483 1639 1499 1662 ,
1533 1598 1582 1651 in
1609 1596 1756 1651 omni
1781 1601 2106 1666 creatura‘et

527 1680 676 1726 extra
706 1664 918 1727 omnem
967 1681 1264 1725 creaturam
1293 1685 1414 1723 eum
1445 1667 1818 1738 conspiciunt,
1864 1674 1919 1738 et
1959 1664 2105 1719 nullo

529 1741 829 1798 intellecms
869 1743 1058 1795 intuitu
1082 1740 1481 1810 amplitudinem
1518 1736 1640 1810 sua:
1666 1736 1926 1810 claritatis
1941 1750 2102 1790 exce-

524 1811 677 1866 dunt.
713 1810 778 1866 Et
807 1813 927 1880 quia
951 1828 1056 1865 non
1086 1807 1313 1880 pleniter
1333 1810 1400 1864 ab
1429 1809 1556 1877 ipsis
1578 1818 1642 1880 ut
1672 1807 1948 1880 iaqseipso
1972 1820 2105 1880 con-

523 1877 858 1954 spiciturvel
877 1877 1230 1954 intelligitur,
1260 1881 1380 1935 ideo
1409 1881 1554 1954 solus
1574 1878 1854 1954 invisibilis
1886 1877 2103 1954 dicitur.

598 1953 825 2008 CAPUT
876 1948 1097 2006 XXXII:
1142 1951 1401 2017 Quatenus
1440 1950 1588 2004 homo
1637 1950 1705 2002 ad
1753 1948 2025 2018 imaginem
2058 1956 2106 2018 et

527 2023 911 2077 similitudinem
943 2022 1037 2075 Dei
1079 2016 1296 2076 creatus.
1339 2021 1439 2074 Res
1464 2019 1625 2074 omnis
1652 2016 1877 2088 aliquant
1905 2017 2016 2088 Dei_
2032 2016 2106 2069 si-

526 2093 862 2146 militudinem
909 2093 1076 2146 habet.
1121 2092 1329 2145 Animas
1369 2107 1478 2145 esse
1517 2085 1750 2145 internas.
1801 2089 1946 2143 Dtsc.
1987 2085 2108 2142 Jam

531 2163 708 2219 divina
766 2172 953 2217 natura
999 2178 1120 2217 cum
1173 2161 1410 2232 angelica
1461 2162 1514 2216 in
1565 2160 1662 2215 hac
1715 2160 1845 2232 turri
1875 2167 2107 2232 _tenente

533 2243 765 2305 sceptra,
799 2249 923 2305 ecee
953 2233 1183 2287 humana
1207 2227 1393 2305 natura
1414 2229 1944 2305 legionemadducit;
1970 2236 2024 2282 et
2040 2227 2108 2282 ad

531 2300 944 2374 impugnandam
972 2320 1088 2358 eam
1119 2303 1427 2374 machinam
1447 2302 1623 2371 erigit.
1657 2300 2108 2374 Qureri‘tur‘nam-

530 2369 634 2498 que
660 2369 926 2442 quomodo
966 2374 1127 2428 homo
1165 2374 1231 2429 ad
1277 2369 1559 2444 imaginem
1608 2382 1664 2427 et
1707 2369 2106 2426 similitudinem

579 2445 628 2498 ei
659 2444 916 2498 formatus
941 2445 1149 2498 dicatur
1177 2463 1189 2498 :
1222 2461 1342 2498 cum
1383 2444 1525 2498 milla
1554 2442 1922 2498 convenientia
1961 2439 2106 2495 simi-

579 2445 628 2500 ei
659 2440 916 2500 formatus
941 2445 1149 2499 dicatur
1177 2463 1189 2498 :
1222 2461 1342 2500 cum
1383 2440 1525 2498 nulla
1554 2442 1922 2498 convenientia
1961 2440 2109 2495 simi-

533 2514 772 2569 litudinis
801 2515 890 2569 Dei
917 2515 969 2569 in
999 2515 1214 2570 homine
1233 2515 1608 2583 conSpiciatur.

602 2585 742 2642 MAG.
772 2585 1133 2655 lmpngnantia
1171 2601 1201 2639 a
1247 2585 1660 2655 repugnantibus
1713 2589 2104 2655 expugnantur,

530 2654 655 2726 dum
682 2653 1038 2725 praecedentia
1071 2671 1101 2709 a
1136 2653 1581 2726 consequentibus
1625 2653 2108 2726 inexpugnabiliter

531 2724 872 2781 roborantur.
929 2728 1043 2781 Duo
1096 2724 1342 2782 homines
1389 2726 1714 2791 scribuntur,
1780 2724 2006 2778 interior
2056 2731 2111 2776 et

531 2797 784 2851 exterior.
811 2797 1036 2852 Interior
1080 2797 1290 2860 anima,
1335 2797 1569 2852 exterior
1607 2809 1832 2864 corpus;
1889 2793 2111 2848 interior

531 2866 830 2934 invisibilis,
858 2869 1091 2923 exterior
1116 2868 1356 2922 visibilis.
1388 2866 1670 2921 Invisibilis
1711 2879 1839 2934 ergo
1864 2864 1931 2919 ad
1974 2864 2109 2917 ima-

532 2938 707 3008 ginem
737 2947 791 2992 et
813 2938 1212 2993 similitudinem
1241 2938 1520 2993 invisibilis
1551 2937 1641 2991 Dei
1667 2943 1750 3008 est
1773 2944 2006 3008 creatus,
2027 2934 2110 2988 vi-

533 3004 699 3061 sibilis
724 3017 898 3062 autem
934 3009 1224 3064 secundum
1249 3009 1510 3063 visibilem
1534 3007 1788 3062 mundum
1815 3015 1894 3060 est
1916 3004 2112 3060 forma-

534 3085 644 3134 tus.
669 3078 811 3133 Deus
837 3079 1119 3134 invisibilis
1145 3087 1228 3134 est
1253 3080 1305 3133 in
1327 3078 1622 3133 substantia
1658 3077 1852 3141 unitas,
1894 3076 1945 3129 in
1987 3091 2109 3144 per-

533 3149 682 3220 sonis
713 3149 939 3204 trinitas.
971 3150 1196 3206 Interior
1241 3165 1369 3220 ergo
1408 3149 1588 3215 homo,
1622 3147 1675 3202 id
1703 3155 1806 3213 est,
1838 3147 2025 3220 anima
2045 3145 2110 3201 ad

537 3219 821 3289 imaginem
851 3221 1068 3276 unitatis
1096 3229 1179 3275 est
1204 3216 1419 3286 creata;
1451 3221 1571 3289 quia
1613 3234 1720 3274 non
1767 3227 1850 3271 est
1873 3216 2111 3289 partibus

534 3297 592 3343 ut
611 3288 805 3357 curpus
842 3293 1167 3361 composita.
1208 3291 1303 3346 sed
1331 3299 1416 3346 est
1451 3288 1674 3361 simplex
1702 3297 1889 3342 natura
1919 3296 1974 3342 et
2005 3288 2107 3361 im-

539 3361 778 3434 mortalis
807 3359 1036 3434 essentia
1065 3363 1104 3415 ¹.
1138 3361 1212 3434 (a)
1257 3362 1352 3416 Est
1396 3359 1621 3434 quoque
1646 3360 1786 3414 Deus
1832 3359 2106 3434 [_nemoria,

536 3444 656 3501 quae
674 3430 754 3482 sui
771 3439 825 3484 et
849 3431 1084 3486 omnium
1113 3429 1232 3501 quin
1257 3440 1380 3485 sunt
1406 3429 1669 3492 meminit,
1691 3445 1808 3499 qua:
1836 3429 1993 3484 Pater
2015 3443 2113 3483 no-

539 3499 774 3552 minatur
804 3517 819 3554 :
852 3517 918 3555 ex
954 3517 1057 3570 qua
1106 3499 1448 3568 intelligentia
1493 3501 1746 3564 nascitur,
1779 3514 1897 3566 qua:
1943 3513 2002 3552 se
2053 3506 2108 3552 et

535 3577 725 3622 cuncta
753 3585 870 3638 qua:
918 3569 1042 3623 sunt
1076 3569 1352 3639 intelligit,
1382 3586 1499 3639 qum
1537 3570 1704 3624 Filius
1732 3577 2064 3637 nuncupatur
2097 3587 2110 3623 :

537 3653 604 3692 ex
630 3647 852 3708 utraque
879 3639 1094 3694 dilectio
1112 3639 1382 3707 procedit,
1406 3656 1523 3709 quae
1549 3654 1608 3694 se
1641 3650 1693 3694 et
1715 3639 1963 3709 universa
1987 3653 2108 3707 qua:

537 3719 662 3780 sunt
702 3709 896 3780 diligit,
928 3726 1046 3779 qua:
1075 3710 1301 3780 Spiritus
1331 3708 1544 3764 sanetus
1571 3717 1809 3764 vocatur.
1842 3709 1922 3762 Ad
1953 3708 2111 3777 hujus

539 3778 820 3850 Trinitatis
844 3778 1130 3850 imaginem
1171 3781 1346 3834 anima
1374 3781 1636 3845 conditur,
1670 3780 1794 3834 dum
1825 3784 1873 3834 ei
1903 3794 2113 3834 memo-

538 3849 635 3915 ria,
661 3849 979 3916 intellectus,
1008 3852 1142 3906 ratio
1154 3850 1452 3905 dilectionis
1469 3851 1686 3912 inditur;
1720 3851 2112 3918 praeteritorum

537 3935 766 3991 namque
795 3921 1054 3985 meminit,
1088 3922 1368 3975 invisibilia
1394 3921 1658 3991 intelligit,
1682 3921 1816 3974 mala
1856 3936 2112 3990 respuens

535 3989 884 4062 bonatdiligit.
927 3993 1018 4047 Dei
1059 4007 1268 4062 quoque
1297 3991 1526 4047 essentia
1557 3989 1639 4046 est
1667 3993 1781 4062 lux,
1811 3989 2114 4061 vita,’justi¢

539 4060 634 4124 tia,
665 4060 893 4128 bonitas,
917 4060 1211 4118 beatitudo.
1242 4063 1320 4117 Ad
1343 4063 1480 4118 hanc
1499 4061 1896 4117 similitudinem
1936 4060 2113 4116 anima

536 4129 673 4202 facta
704 4142 818 4198 est;
852 4144 909 4188 ut
953 4136 1022 4188 sit
1061 4133 1229 4188 lucida
1251 4175 1265 4198 ,
1298 4133 1506 4195 vitalis.
1548 4133 1709 4202 justa,
1740 4131 1899 4196 bona,
1934 4131 2108 4186 beata.

543 4200 792 4258 Exterior
819 4220 945 4258 vero
962 4204 1144 4270 homo,
1174 4203 1224 4258 id
1250 4212 1350 4268 est,
1379 4200 1574 4272 corpus
1597 4203 1828 4273 quodam
1863 4202 2021 4256 modo
2047 4202 2114 4256 ad

535 4275 809 4343 exemplar
835 4275 1017 4330 mundi
1044 4275 1320 4339 formatur,
1349 4273 1472 4329 dum
1494 4289 1560 4329 ex
1581 4284 1806 4343 quatuor
1833 4273 2114 4328 elementis

535 4345 938 4414 compaginatur
968 4364 980 4398 :
1009 4345 1148 4401 unde
1192 4354 1244 4398 et
1274 4345 1678 4408 microcosmus,
1709 4344 1760 4398 id
1806 4354 1908 4406 est,
1937 4343 2113 4397 minor

535 4415 765 4486 mundus
793 4417 1216 4486 cognominatur.
1251 4414 1319 4486 Et
1361 4418 1412 4468 in
1443 4415 1542 4486 hoc
1565 4416 1723 4486 etiam
1753 4417 1929 4467 anima
1953 4414 2114 4486 habet

534 4483 932 4541 similitudinem
978 4486 1088 4549 Dei,
1123 4486 1247 4540 dum
1279 4485 1391 4554 ipsa
1439 4484 1517 4538 sic
1553 4485 1812 4538 minorem
1858 4483 2113 4539 mundum

533 4556 826 4624 gubernat,
861 4565 918 4610 ut
949 4556 1085 4610 Deus
1117 4553 1392 4623 majorem.
1425 4553 1610 4624 omnis
1636 4569 1847 4623 quoque
1868 4562 2114 4611 creatura

533 4639 628 4694 per
651 4627 844 4698 aliquid
873 4627 1272 4698 similitudinem
1292 4625 1383 4680 Dei
1409 4623 1586 4690 habet,
1610 4633 1664 4679 et
1689 4633 1941 4698 quantum
1966 4641 2112 4698 quat-

533 4693 636 4761 que
679 4693 830 4752 alteri
861 4708 944 4753 est
973 4697 1334 4759 excellentior,
1373 4704 1574 4750 tantum
1628 4704 1710 4748 est
1749 4693 1821 4748 illi
1865 4694 2109 4750 similior.

532 4762 658 4838 Ipse
678 4769 872 4838 quippe
910 4779 1012 4831 est,
1045 4769 1190 4835 vivit,
1219 4768 1396 4832 sentit,
1427 4781 1521 4836 per
1548 4765 1808 4838 rationem
1835 4764 2110 4838 discernit.

533 4831 911 4909 Lapides-ergo
959 4839 1072 4909 ejus
1123 4831 1467 4895 similitudine
1511 4851 1570 4909 se
1617 4835 1942 4909 adjunguut;
1989 4837 2112 4905 quia

533 4913 679 4984 sunt.
706 4905 936 4964 Arbores
965 4905 1130 4978 magis
1155 4908 1487 4984 similitudini
1519 4907 1634 4984 ejus
1655 4905 2106 4984 appropinquant;

531 4977 652 5047 quia
685 4987 838 5040 sunt,
876 4987 930 5033 et
957 4977 1250 5035 crescendo
1294 4981 1495 5034 vivunt.
1541 4980 1776 5047 Quaeque
1823 4977 2110 5032 animantia

535 5044 701 5125 multo
723 5049 888 5117 magis
909 5049 1022 5125 ejus
1045 5052 1444 5125 similitudinem
1467 5044 1789 5125 exprimunt;
1814 5047 1941 5125 quia
1964 5056 2108 5125 sunt,

532 5117 714 5168 vivunt
742 5126 794 5169 et
820 5120 1071 5172 sentiunt.
1108 5121 1273 5175 Porro
1300 5122 1349 5174 in
1383 5117 1688 5174 hominibus
1719 5132 1773 5173 et
1813 5117 1864 5172 in
1890 5118 2110 5186 Angelis

531 5185 822 5262 similitudo
854 5188 946 5241 Dei
975 5191 1201 5262 maxime
1243 5191 1496 5260 refulget;
1526 5191 1648 5262 quia
1687 5198 1809 5245 sunt
1833 5231 1849 5257 ,
1887 5185 2107 5256 vivunt,

527 5259 767 5313 sentiunt
787 5300 799 5312 .
832 5267 887 5313 et
916 5259 1120 5313 ratione
1149 5259 1478 5314 discernunt.

599 5329 816 5382 Animas
845 5339 1020 5382 autem
1059 5337 1268 5383 constat
1309 5345 1426 5384 esse
1473 5340 1719 5384 aeternas.
1768 5329 1824 5385 Si
1857 5330 2000 5385 enim
2041 5331 2110 5386 ad

522 5399 808 5454 videndum
841 5399 1008 5455 Deum
1057 5398 1209 5453 factae
1259 5399 1634 5468 praedicantur,
1677 5403 1981 5455 necessario
2018 5415 2107 5456 se~

524 5472 724 5539 quitur,
758 5482 810 5524 ut
840 5472 977 5525 sicut
1008 5470 1145 5524 Deus
1194 5470 1349 5522 linem
1379 5485 1482 5524 non
1527 5471 1724 5525 habere
1751 5472 2004 5535 creditur,
2035 5473 2108 5527 ita

523 5543 716 5598 animae
747 5542 894 5597 illum
927 5542 1120 5597 visura:
1158 5539 1272 5594 sine
1303 5540 1404 5594 line
1435 5541 1614 5596 vivere
1637 5557 1744 5596 non
1771 5542 2102 5598 dubitentur.

584 5697 600 5728 ί
618 5704 689 5772 _tn
713 5701 901 5772 etsed
917 5705 988 5751 est
1010 5697 1218 5772 simplex
1244 5703 1456 5772 natura},
1499 5701 1546 5748 et
1569 5695 1856 5772 imntortatis
1878 5696 2100 5772 essentia.

518 5763 592 5808 Er.
618 5761 765 5823 Lugd.
791 5770 910 5812 Ven.
937 5771 988 5814 et
1011 5761 1120 5813 Lov'.
1155 5763 1311 5813 secuti
1333 5774 1516 5820 sumus,
1559 5773 1682 5834 quos
1706 5767 1757 5810 et
1797 5761 1899 5824 ipsa
1936 5768 2106 5810 secuta

520 5829 596 5872 est
614 5829 693 5871 PP.
721 5825 1136 5875 Benedictinorum
1168 5826 1478 5875 tntuerniana
1505 5823 1671 5874 edlIIO.
1754 5828 1812 5872 Μ.

524 5833 596 5872 881.
614 5833 693 5871 ΡΡ.
721 5833 1136 5875 Benedictinorum
1168 5833 1478 5888 tntuerpiana
1505 5833 1671 5874 eoiuo.
1754 5833 1812 5872 Μ.

524 5882 672 6008 ωεαῇ
696 5885 1280 6009 ιιοιιοιοε.
1294 5899 1430 5951 Capp.
1445 5887 1525 5950 59,
1541 5886 1622 5949 69,
1634 5886 1726 5951 72;
1749 5885 1846 5938 vid.
1868 5884 2098 5936 Elucidar.

654 5980 672 6008 ρ
696 5979 836 6009 “Ir.
869 5979 942 6010 II.
966 5979 1042 5997 νιο

1973 484 2339 545 APPENDIX.

2210 603 2308 661 sed
2351 604 2628 679 quaeritur,
2675 611 2854 660 utrum
2905 603 3014 662 illa!
3040 605 3234 679 animat
3270 605 3595 666 immortales
3624 613 3725 667 sint
3745 655 3762 679 ,

2208 691 2327 746 quae
2353 674 2522 730 Deum
2574 674 2768 731 visuraa
2797 691 2904 732 non
2949 685 3091 733 sunt.
3146 677 3350 734 Omnes
3400 683 3596 735 animas
3622 674 3765 739 unid

2207 755 2417 819 constat
2441 761 2561 802 esse
2589 755 2826 813 naturae;
2854 756 2910 804 et
2943 748 2988 804 si
3019 749 3264 819 quadam
3295 750 3489 804 anima:
3513 752 3763 807 immorta-

2209 817 2290 892 les
2312 827 2454 892 sunt_,
2483 833 2611 888 ergo
2635 833 2822 892 omnes
2846 817 3175 875 immortales
3212 829 3339 892 sunt
3369 839 3385 874 :
3417 822 3574 892 igitur
3589 839 3763 878 omnes

2207 888 2400 960 animae
2417 889 2581 943 Deum
2607 888 2802 944 visura:
2819 905 3033 960 semper
3052 901 3213 946 erunt
3240 888 3516 957 beataefet
3538 909 3650 948 eum
3667 911 3766 950 non

2207 959 2398 1013 visume
2421 973 2632 1028 semper
2655 961 2865 1016 miserae
2893 961 2934 1017 ⁸.

2279 1029 2505 1084 CAPUT
2532 1029 2772 1086 XXXIII.
2803 1031 2989 1085 Anima
3023 1032 3158 1087 unde
3182 1043 3288 1088 tam
3332 1034 3493 1088 multa
3541 1035 3687 1088 rideat
3721 1037 3766 1089 in

2207 1101 2416 1154 somnis.
2444 1097 2548 1156 Cur
2596 1118 2650 1155 se
2686 1118 2788 1156 non
2831 1101 3015 1156 videat.
3048 1103 3193 1159 Disc.
3224 1104 3380 1160 Unde
3416 1106 3608 1161 animae
3641 1116 3765 1161 tanta

2205 1170 2389 1225 vident
2410 1170 2460 1225 in
2483 1172 2720 1226 somnis?

2278 1241 2417 1297 MAG.
2440 1243 2642 1314 Anima
2657 1243 2937 1299 insatiabili
2962 1244 3254 1314 cupiditate
3279 1245 3482 1301 sciendi
3513 1247 3764 1302 veritatem

2208 1321 2473 1387 captatur,
2505 1322 2559 1368 et
2584 1313 2714 1387 ideo
2759 1329 2972 1387 semper
3017 1313 3070 1369 in
3112 1317 3527 1387 cogitationibus
3554 1327 3764 1386 vagatur;

2209 1382 2435 1458 ideoque
2455 1384 2700 1458 sensibus
2724 1382 2962 1458 corporis
2984 1382 3204 1456 sopitis:
3232 1402 3330 1457 per
3348 1382 3766 1458 aenigmata'quzc-

2209 1453 2330 1509 dam
2358 1453 2541 1526 lutura
2564 1456 2698 1526 Deo
2740 1456 3012 1512 revelante
3038 1453 3314 1526 praevidet,
3345 1453 3611 1514 interdum
3646 1453 3767 1512 circa

2209 1525 2762 1599 verisimiliadiabolo
2782 1525 3176 1599 fallenteanxia
3208 1529 3428 1599 languet
3453 1548 3466 1582 :
3500 1530 3768 1599 aliquando

2210 1595 2429 1670 Angelis
2459 1597 2538 1670 vel
2570 1597 2852 1670 animabus
2867 1598 3276 1670 confabulatur.
3304 1595 3647 1670 aliquando'a
3669 1599 3768 1653 d2-

2209 1666 2456 1722 mouibus
2503 1667 2818 1722 ludiﬁcatur.
2865 1669 2991 1724 Haec
3040 1670 3091 1724 in
3153 1671 3370 1726 modum
3396 1666 3559 1726 'oculi
3595 1680 3765 1726 mter:

2209 1738 2385 1812 omnia
2418 1737 2585 1812 videt,
2608 1753 2667 1794 se
2692 1739 2864 1812 ipsam
2891 1738 3077 1812 videre
3102 1755 3210 1812 non
3231 1751 3428 1812 potest.

2285 1807 2428 1864 DISC.
2459 1807 2599 1864 Cura
2643 1809 2798 1864 nobis
2824 1826 2928 1865 non
2961 1811 3204 1866 videtur?

2279 1877 2422 1934 MAG.
2449 1879 2582 1947 Quia
2630 1889 2734 1934 tam
2761 1881 2997 1952 .gsubtilis
3029 1882 3147 1952 ejus
3176 1891 3367 1937 natura
3403 1881 3614 1945 dicitur.
3642 1882 3767 1952 quod

2211 1963 2329 2022 sea
2354 1951 2626 2019 corporeis
2663 1951 2833 2022 Oculis
2882 1951 3195 2007 viderinon
3255 1953 3473 2022 patitur.
3525 1951 3769 2019 Quantum

2210 2020 2353 2076 enim
2373 2035 2510 2090 aqua
2550 2021 2762 2077 tenuior
2785 2030 2868 2077 est
2893 2031 3056 2086 terra,
3083 2020 3286 2078 tantum
3317 2038 3410 2078 aer
3434 2023 3673 2078 subtilior
3696 2033 3767 2078 est

2210 2105 2378 2161 aqua;
2425 2099 2481 2146 et
2506 2104 2760 2160 quantum
2807 2093 3060 2148 aetherius
3100 2094 3236 2161 ignis
3273 2109 3453 2148 aerem
3502 2095 3765 2158 tenuitate,

2213 2169 2416 2234 tantum
2435 2162 2596 2217 vincit
2621 2164 2798 2218 anima
2830 2164 3005 2234 ignem
3033 2162 3306 2220 caelestem
3324 2165 3627 2219 subtilitate.
3660 2165 3764 2219 liae

2211 2241 2296 2288 est
2318 2233 2459 2287 enim
2491 2248 2651 2289 causa
2679 2234 2820 2303 quod
2845 2233 3020 2290 nullus
3046 2236 3266 2304 spiritus
3290 2251 3322 2290 a
3351 2236 3505 2290 nobis
3531 2237 3757 2300 cernitur,

2247 2304 2334 2358 uia
2359 2304 2624 2429 subtilitas
2652 2304 2864 2361 illorum
2919 2315 3126 2361 natura“:
3156 2315 3402 2361 nostrum
3433 2307 3598 2362 visunt
3619 2321 3760 2361 exce-

2247 2389 2338 2428 ere
2371 2389 2460 2428 ere
2504 2385 2625 2428 lllll'.

2247 2389 2338 2428 ere
2371 2385 2625 2428 Cl‘edlllll'.

2283 2443 2508 2518 CAPUT
2539 2444 2779 2518 XXXIV.
2811 2444 2913 2513 Qui
2935 2448 3149 2518 singulis
3172 2448 3226 2502 in
3245 2448 3483 2502 membris
3498 2457 3616 2502 tota.
3632 2447 3755 2501 Disc.

2211 2515 2451 2588 Qualiter
2499 2517 2809 2585 perhibetur
2860 2515 3037 2572 anima
3087 2533 3180 2588 per
3225 2528 3394 2573 totum
3433 2534 3620 2588 corpus
3663 2531 3766 2572 esse

2211 2585 2425 2650 dill'usa,
2457 2595 2512 2641 et
2545 2596 2722 2642 tamen
2764 2601 2868 2641 non
2903 2590 3072 2658 magis
3088 2585 3150 2642 in
3191 2589 3464 2655 maximis,
3491 2585 3588 2645 nec
3614 2590 3769 2642 minus

2213 2671 2334 2712 esse
2364 2659 2416 2711 in
2443 2659 2699 2713 membris
2729 2658 2983 2725 minimis,
3011 2658 3105 2714 sed
3132 2659 3184 2714 in
3206 2660 3431 2730 singulis
3469 2661 3619 2716 tota?
3643 2658 3759 2715 Num

2215 2735 2295 2782 tot
2322 2737 2447 2782 sunt
2477 2737 2617 2795 tota,
2648 2738 2774 2798 quot
2807 2729 3087 2784 membra?

2286 2798 2425 2855 MAG.
2459 2798 2608 2854 Sicut
2637 2799 2882 2868 superius
2929 2799 3130 2856 dictum
3162 2809 3264 2867 est,
3303 2801 3348 2856 si
3393 2802 3571 2858 lumen
3601 2802 3651 2856 in
3672 2815 3770 2855 me-

2212 2868 2361 2942 dium
2393 2879 2638 2938 ponatur,
2660 2884 2770 2942 non
2798 2871 2974 2942 minus
3000 2871 3052 2925 in
3083 2872 3235 2936 meis,
3261 2881 3315 2926 et
3336 2888 3441 2926 non
3464 2873 3630 2942 magis
3655 2872 3771 2925 lucet

2214 2939 2266 2995 in
2288 2941 2509 2995 alterius
2535 2941 2723 3004 oculis,
2753 2939 2848 2995 sed
2877 2940 2929 2995 in
2973 2941 3193 3010 singulis
3212 2952 3402 3010 totum,
3431 2951 3486 2998 et
3513 2939 3577 2997 in'
3596 2959 3651 2997 se
3677 2943 3770 3010 ipso

2213 3020 2396 3083 manet
2419 3020 2610 3083 totum;
2642 3012 2718 3066 sic
2747 3012 2923 3065 anima
2950 3011 3144 3080 ubique
3180 3015 3230 3067 in
3259 3028 3505 3083 corpore,
3533 3023 3590 3068 et
3615 3015 3662 3066 in
3685 3014 3767 3083 sino

2251 3082 2351 3134 ulis
2394 3082 2649 3137 membris
2677 3091 2766 3137 est
2791 3089 2930 3148 tota;
2963 3083 3102 3138 unde
3131 3093 3268 3139 tacto
3295 3082 3400 3139 uno
3431 3085 3668 3139 membro
3687 3082 3766 3136 do-

2235 3160 2289 3207 et
2308 3159 2438 3206 tota.
2463 3152 2579 3208 Non
2603 3163 2780 3208 tamen
2808 3161 2886 3207 tot
2914 3161 3019 3208 tota
3049 3165 3176 3222 quot
3216 3155 3478 3220 membra,
3507 3156 3624 3224 quia
3657 3155 3703 3208 in
3724 3167 3768 3206 se

2214 3221 2328 3292 ipsa
2356 3232 2537 3278 manet
2565 3233 2707 3288 tota;
2757 3224 2898 3278 sicut
2936 3239 3040 3278 vox
3069 3221 3133 3279 in
3175 3226 3393 3280 auribus
3423 3221 3655 3280 omnium
3684 3239 3768 3276 non

2214 3293 2622 3362 particulariter,
2670 3293 2763 3350 sed
2789 3302 2946 3349 sonat
2975 3305 3103 3359 tota,
3135 3305 3190 3352 et
3233 3295 3284 3350 in
3311 3311 3370 3351 se
3408 3297 3525 3367 ipsa
3560 3303 3770 3351 remanet

2216 3371 2345 3419 tota.

2287 3435 2512 3490 CAPUT
2530 3434 2748 3490 XXXV.
2770 3433 2876 3491 Cur
2894 3452 2999 3490 una
3015 3436 3240 3491 discendi
3260 3437 3364 3491 alia
3379 3438 3628 3505 capacior.
3644 3436 3766 3490 Dtsc.

2215 3504 2273 3561 Si
2307 3521 2494 3578 omnes
2522 3508 2715 3578 anima:
2745 3506 2905 3562 unius
2935 3516 3136 3562 natura:
3161 3519 3314 3574 sunt,
3341 3504 3594 3578 quidnam
3617 3521 3766 3578 ause

2215 3586 2298 3702 eis;
2329 3577 2470 3702 qugd
2499 3577 2742 3687 qgaadam
2771 3577 3019 3646 habilior,
3063 3579 3307 3649 quaedam
3348 3575 3550 3635 tardior
3596 3587 3670 3634 est
3709 3575 3770 3630 ad

2255 3665 2268 3701 ι
2299 3664 2396 3702 cen
2438 3665 2526 3702 um
2549 3690 2561 3702 .
2638 3690 2640 3692 τ

2255 3663 2526 3702 ιεοθιιαιιιιι
2546 3663 2568 3703 ’ἰ
2638 3690 2640 3692 τ

2290 3719 2429 3774 MAG.
2453 3719 2644 3774 Anima
2671 3719 2833 3774 habet
2861 3722 3085 3774 formam
3105 3734 3245 3776 cerae
3273 3722 3358 3777 vel
3383 3721 3622 3776 candelae.
3640 3717 3754 3771 Cera

2217 3788 2408 3844 habilis
2433 3799 2516 3844 est
2547 3791 2615 3844 ad
2632 3791 3043 3859 exprimendam
3070 3792 3376 3861 imaginem,
3406 3793 3454 3847 si
3488 3793 3537 3846 ei
3563 3789 3756 3861 sigillum

2218 3861 2572 3928 imprimatur;
2603 3861 2681 3914 sic
2703 3861 2923 3916 candela
2949 3861 3015 3916 ad
3043 3860 3347 3926 lucendum,
3380 3864 3424 3916 si
3456 3860 3756 3917 accendatur.

2217 3931 2270 4004 in
2295 3933 2434 4004 hunc
2469 3931 2683 4004 modum
2723 3933 2973 4004 exprimit
3001 3933 3185 4004 _anima
3221 3933 3506 4004 imaginem
3538 3931 3759 4004 scientiae,

2217 4002 2260 4074 si
2290 4001 2339 4054 ei
2383 4002 2704 4074 imprimitur
2731 4001 2962 4071 sigillum
2982 4002 3272 4070 doctrinae;
3299 4001 3582 4074 lumenque
3601 4001 3759 4074 verita:

2220 4072 2286 4126 tis
2312 4069 2534 4141 recipit,
2561 4074 2604 4125 si
2633 4074 2752 4142 igne
2782 4069 3068 4140 sapientiae
3112 4089 3334 4130 accensa
3363 4069 3524 4129 fuerit
3555 4091 3569 4127 :
3602 4088 3702 4141 qua:
3721 4069 3756 4122 si

2220 4157 2278 4214 se
2300 4157 2392 4212 per
2423 4143 2653 4197 studium
2687 4144 2768 4198 vel
2791 4145 3104 4199 exercitium
3129 4144 3358 4200 habilem
3386 4148 3408 4177 ²
3437 4145 3661 4214 praebere
3681 4155 3758 4214 ne-

2217 4213 2472 4296 glexerit,
2525 4213 2812 4296 sicut_cera
2865 4217 2981 4296 sine
3011 4215 3369 4296 itnagineket
3397 4211 3535 4270 sicut
3577 4211 3760 4296 candela

2220 4284 2500 4358 inaccensa
2523 4285 2638 4338 sine
2666 4284 2891 4358 lumine,
2913 4286 2990 4341 sic
3015 4286 3068 4358 in
3088 4287 3326 4358 tenebris
3343 4288 3648 4358 ignorantia:
3669 4286 3760 4336 sine

2219 4355 2440 4410 scientia
2477 4356 2803 4428 etiveritate
2826 4355 3141 4428 remanebit.
3167 4355 3385 4424 Quanto
3410 4360 3575 4428 magis
3614 4364 3756 4428 autem

2218 4441 2444 4497 queque
2469 4427 2645 4481 anima
2692 4441 2753 4481 se
2777 4427 3034 4482 doctrina:
3061 4427 3414 4498 adaptaverit,
3458 4424 3600 4498 tanta
3629 4424 3760 4498 magis

2218 4512 2386 4567 capax
2415 4498 2650 4553 scientiae
2675 4498 2798 4552 erit.
2837 4498 2946 4553 Cur
2990 4497 3180 4552 autem
3198 4499 3335 4568 ignis
3368 4501 3536 4554 sancti
3564 4497 3759 4567 Spiritus

2217 4568 2475 4638 quasdam
2511 4569 2716 4622 animas
2743 4583 2802 4623 se
2832 4569 3032 4623 habiles
3073 4583 3178 4622 non
3215 4570 3543 4638 praebentes,
3574 4571 3669 4624 imo
3682 4580 3761 4638 ne-

2217 4637 2497 4708 gligentes,
2527 4640 2727 4711 lumine
2751 4638 2994 4694 scientia:
3033 4640 3199 4711 magis
3218 4637 3515 4706 accendat,
3537 4637 3756 4711 quasdam

2218 4725 2324 4763 non
2368 4709 2662 4780 accendat;
2716 4709 2824 4763 imo
2863 4709 3177 4780 quibusdam
3221 4709 3589 4766 laborantibus
3627 4710 3755 4780 scien-

2219 4780 2345 4834 tiam
2376 4779 2683 4843 subtrahat,
2729 4780 2849 4834 aliis
2873 4778 3136 4835 similibus
3159 4797 3265 4836 non
3309 4782 3624 4846 subtrahat;
3657 4778 3753 4833 ratio

2218 4859 2500 4922 penetrare
2518 4865 2621 4906 non
2650 4850 2834 4906 valens
2853 4851 3097 4922 mirando
3115 4851 3310 4907 clamat
3333 4871 3344 4905 :
3377 4853 3422 4906 0
3441 4871 3590 4922 quam
3609 4852 3753 4922 incon-

2218 4921 2572 4992 prehensibilia
2597 4930 2714 4975 sunt
2731 4922 2933 4993 judicia
2957 4921 3076 4988 Dei,
3107 4932 3154 4977 et
3178 4921 3548 4996 investigabiles
3575 4924 3659 4977 eia!
3673 4921 3748 4989 ejus

2218 4991 2396 5046 (Rom.
2419 5009 2491 5046 XI.
2517 4993 2640 5046 55)!

2295 5010 2396 5046 om.
2419 5009 2491 5055 xt,
2517 5009 2640 5055 oo)!

2217 4993 2396 5063 (Rom.
2419 5009 2491 5055 XI,
2517 4993 2606 5061 55)
2627 4994 2640 5046 !
3360 4993 3373 4996 ’
3793 5001 3805 5122 1

2225 5134 2253 5138 Δ
2289 5062 2516 5118 CAPUT
2547 5061 2791 5138 XXXVI.
2824 5064 2975 5138 Quod
3012 5081 3143 5120 unus
3183 5066 3326 5120 nobis
3355 5067 3609 5138 magister.
3643 5063 3748 5116 Duc.

2215 5134 2348 5207 Cum
2371 5143 2560 5207 cuncta
2575 5149 2607 5207 a
2629 5135 3213 5207 magistrisdiscantur,
3241 5134 3512 5207 quomodo
3536 5148 3658 5207 unus
3672 5145 3751 5184 mav

2214 5205 2377 5278 gister
2406 5206 2459 5260 in
2488 5205 2642 5278 etnlis
2670 5220 2791 5261 esse
2817 5206 3064 5278 scribitur
3105 5205 3318 5278 (Matth.
3343 5223 3497 5274 xxtu,
3522 5206 3595 5277 9),
3622 5219 3647 5258 ι
3671 5213 3749 5271 quo

2215 5276 2365 5348 quasi
2391 5277 2695 5348 specialiter
2719 5292 2944 5348 quasque
2964 5276 3300 5333 doceantur?
3557 5276 3562 5277 7
3607 5345 3620 5348 _
3714 5340 3721 5348 ,

2285 5346 2422 5422 Mac.
2457 5347 2513 5422 Si
2543 5356 2688 5422 recte
2711 5345 3076 5422 perpenditur,
3111 5349 3244 5405 nihil
3265 5365 3485 5422 prorsus
3501 5363 3588 5422 per
3607 5345 3743 5422 hemi-

2215 5434 2336 5473 nem
2367 5417 2608 5472 discitur.
2641 5413 2877 5486 Magistri
2905 5413 3106 5474 tantum
3151 5413 3606 5476 commemorando
3642 5413 3738 5486 luxis

2253 5489 2452 5564 latitant
2492 5498 2546 5542 et
2575 5483 2782 5564 rigant;
2817 5491 3016 5564 veritas
3053 5498 3230 5546 autem
3261 5509 3378 5564 qua:
3405 5490 3638 5564 inanima
3666 5483 3737 5564 lia-

2213 5505 2452 5618 gtantant
2492 5505 2546 5542 et
2575 5505 2780 5558 rigant;
2817 5505 3016 5545 veritas
3053 5505 3230 5546 autem
3261 5509 3378 5564 qua:
3405 5509 3455 5545 In
3484 5505 3638 5544 anima
3666 5505 3733 5564 u_;.-

2253 5563 2347 5616 itat
2370 5601 2384 5626 ,
2409 5560 2552 5614 intus
2579 5559 2823 5616 docendo
2851 5563 3237 5619 incrementum
3279 5563 3372 5620 dat
3400 5563 3441 5636 (Ι
3462 5562 3569 5617 Cor.
3589 5571 3652 5618 ιιι,
3684 5557 3733 5614 ι)-

2275 5697 2292 5760 f
2328 5700 2402 5744 Er.
2439 5693 2587 5760 Lugd.
2615 5701 2718 5744 Ven
2762 5700 2872 5746 nov.
2910 5698 2980 5748 sic
3015 5696 3190 5760 legunt
3227 5698 3358 5760 hunc
3397 5696 3575 5760 loann:
3597 5694 3728 5760 οπξηεέξ

2209 5757 2396 5822 animus
2416 5746 2558 5822 uinus
2584 5763 2767 5822 constat
2787 5771 2891 5810 esse
2919 5746 3134 5822 notarii,
3168 5746 3215 5810 et
3231 5746 3284 5812 Et
3298 5746 3424 5822 (im.
3448 5757 3532 5817 sic)
3553 5746 3731 5822 φωιῗίτνι

2210 5819 2386 5871 (utinm:
2407 5817 2702 5885 immortales
2733 5827 2843 5871 sunt
2870 5835 2888 5872 :
2908 5820 3058 5885 igitur
3085 5817 3246 5872 anates
3277 5817 3446 5885 unm
3475 5821 3757 5885 ’

2207 5895 2282 5934 ra:
2301 5894 2488 5938 semper
2505 5887 2646 5932 erunt
2667 5880 2835 5943 beata,
2860 5890 2904 5934 et
2927 5878 3036 5935 Eum
3059 5897 3154 5934 non
3175 5884 3352 5936 visione
3371 5884 3562 5934 πόδεια.
3615 5878 3661 5923 1.

2274 5948 2296 5978 ι
2327 5951 2482 5996 tntis.
2506 5944 3473 6012 ηοιιθδῌιαῡειειωιιθθιηῐιῃμιαωιεε.
