3842 6266
118 141 227 201 I025

118 255 201 315 Sed
216 254 494 331 stultus_no_i_i
513 246 753 331 intelligit
773 246 913 315 haec;
940 250 1077 305 ratio
1096 259 1411 331 aute_m_quae
1421 257 1623 331 _cuncta

114 325 346 388 discernit,
378 322 519 377 facile
550 321 660 374 hinc
692 321 783 392 “ita
832 335 952 376 esse
982 320 1370 392 comprobabit.
1421 320 1551 375 Nem

114 394 316 469 quidquid
341 393 566 469 discitur,
602 391 790 446 melius
829 407 927 462 per
953 391 1125 447 visum
1158 409 1315 469 quani
1346 407 1441 461 per
1467 391 1621 445 audi-

114 463 196 524 i'um
217 463 411 534 capitur.
430 463 553 517 Nam
582 473 834 534 quantum
853 478 996 518 caeco
1010 474 1133 518 nato
1159 463 1224 517 de
1240 464 1353 517 sole
1373 478 1621 519 narrave-

108 556 169 603 ro,
187 533 281 606 ipse
299 546 458 606 tamen
480 533 777 606 nescitquid
792 533 971 606 sitsol,
994 550 1151 603 quem
1171 549 1441 606 nunquam
1464 534 1615 599 vidit;

111 604 269 665 tantum
290 605 448 659 verbis
472 604 598 657 meis
630 604 798 657 credit
820 604 1017 673 aliquid
1046 620 1163 659 esse
1199 605 1340 673 quod
1362 605 1433 659 ita
1456 620 1617 659 voce-

106 690 186 744 tur,
204 686 281 730 aut
305 675 514 729 fortasse
538 674 742 728 dubitat
765 674 1053 744 quidquam
1077 691 1195 730 esse
1222 676 1273 729 iu
1299 691 1355 731 re
1380 675 1521 745 quod
1540 676 1617 730 sic

105 749 350 805 nominetur
385 763 397 797 :
432 745 517 814 qui
561 745 603 799 si
636 755 854 815 repente
892 746 1100 812 videat,
1134 746 1248 815 ipso
1284 747 1399 800 visu
1444 746 1615 801 solem

103 835 192 876 esse
213 818 398 889 probat,
425 831 577 889 quem
613 816 791 870 auditu
821 816 963 871 scire
995 823 1110 889 non
1130 826 1353 886 poterat.
1389 816 1613 889 Sio_ple—

102 887 352 959 rique—caeci
379 888 659 959 scripturas
687 896 988 951 noverunt,
1023 888 1115 942 sed
1160 898 1336 942 tamen
1376 887 1504 956 quid
1543 888 1612 942 sit

101 956 204 1016 liber
226 959 297 1013 vel
326 958 487 1028 littera
509 956 771 1022 nesciunt;
801 973 1027 1027 quorum
1050 959 1187 1013 oculi
1210 959 1253 1012 si
1281 959 1455 1013 subito
1480 974 1610 1028 ape-

100 1032 277 1095 riantur,
301 1036 349 1083 et
371 1027 505 1099 libro
538 1042 715 1099 coram
750 1029 921 1097 posito
966 1030 1091 1099 quid
1130 1030 1362 1099 sitquod
1391 1027 1603 1095 vident,

96 1102 323 1168 mirantur,
364 1106 417 1154 et
462 1098 573 1170 visu
610 1098 961 1170 discernunt‘
986 1098 1133 1170 quod
1162 1098 1343 1155 auditu
1373 1117 1479 1154 non
1509 1115 1607 1170 po-

98 1179 280 1227 tuerunt.
308 1170 462 1224 Porro
503 1169 549 1225 si
574 1168 734 1224 alicui
772 1170 981 1225 illorum
1011 1168 1228 1238 'dixero,
1260 1172 1377 1225 talis
1406 1168 1601 1236 littera,

98 1246 339 1306 Avocatur,
365 1249 416 1294 et
444 1242 579 1307 talis,
604 1239 647 1294 Β
676 1243 1015 1307 nominatur;
1048 1258 1172 1296 mox
1219 1242 1481 1296 introrsus
1519 1258 1602 1296 re»

97 1315 235 1377 currit,
258 1312 514 1383 veritatem
542 1312 788 1383 eoosulit,
817 1323 871 1367 et
901 1328 1083 1367 verum
1113 1327 1231 1368 esse
1252 1314 1441 1382 probat
1462 1311 1603 1383 quod

95 1384 219 1438 audit.
241 1382 363 1449 Quid
402 1398 525 1452 ergo
553 1382 693 1438 hunc
732 1383 912 1450 docui,
939 1385 1029 1452 qui
1076 1399 1173 1438 nec
1185 1384 1361 1452 .prius
1385 1382 1598 1451 auditu,

94 1470 164 1509 nec
186 1462 341 1523 postea
374 1454 484 1508 visu
513 1454 652 1509 scire
697 1456 868 1523 potuit
902 1454 1027 1523 quid
1078 1454 1251 1509 littera
1284 1465 1457 1519 esset,
1492 1456 1596 1509 nisi

92 1527 259 1580 veritate
301 1527 433 1578 intus
460 1524 715 1592 docente,
753 1533 809 1579 et
852 1525 966 1579 visu
1006 1525 1136 1580 foris
1167 1526 1425 1594 probante
1460 1525 1601 1582 hanc

93 1594 328 1651 edisceret?
354 1595 459 1664 Ego
480 1604 686 1650 tantum
710 1610 871 1651 sonos
910 1596 1192 1651 verborum
1221 1597 1413 1665 protuli
1438 1612 1454 1661 ;
1482 1597 1599 1666 ipse

91 1682 181 1721 vero
206 1666 347 1721 verba
374 1677 422 1720 et
452 1682 538 1720 res
565 1682 662 1735 per
686 1666 844 1721 verba
870 1668 1193 1737 significatus
1216 1668 1438 1722 veritate
1456 1669 1597 1723 intus

91 1738 358 1808 examinante
382 1739 645 1808 cognovit.
675 1737 765 1793 Sic
791 1753 887 1792 vos
914 1753 1143 1808 quoque,
1177 1739 1222 1793 si
1251 1738 1417 1793 multa
1446 1739 1595 1794 vobis

89 1807 135 1862 de
154 1808 399 1876 elephante
426 1807 632 1875 dixero,
679 1808 896 1863 nescitis
931 1807 1057 1878 quid
1104 1809 1172 1863 sit
1217 1809 1453 1879 elephas,
1491 1809 1594 1865 nisi

87 1894 173 1950 eum
196 1879 437 1943 videritis;
466 1880 543 1933 sic
568 1880 737 1934 multa
766 1879 835 1935 de
866 1881 1026 1934 David
1056 1879 1316 1950 legimus,
1347 1890 1401 1935 et
1441 1880 1593 1950 quasi

88 1948 216 2003 rufum
243 1950 492 2004 hominem
519 1959 574 2005 et
604 1950 882 2020 pulchrum
907 1948 1131 2020 aspectu
1151 1967 1275 2006 eum
1307 1948 1549 2006 novimus
1571 1992 1587 2017 ,

86 2022 146 2104 qui
166 2021 201 2074 si
220 2020 277 2102 ad
298 2036 519 2104 praeseus
538 2022 934 2104 intrurletnnum
965 2023 1113 2104 illum
1144 2022 1591 2104 agnosceremus?

85 2090 179 2143 l'uto
217 2093 432 2147 minime.
461 2092 673 2160 Quare?
701 2092 833 2158 Quia
879 2109 909 2147 a
957 2090 1223 2162 magistris
1259 2093 1467 2148 discere
1497 2109 1591 2147 ne-

85 2162 306 2229 quivimus,
335 2164 467 2232 quod
502 2164 725 2217 veritate
744 2164 890 2217 visus
934 2179 1041 2218 non
1090 2164 1446 2233 probavimus.
1486 2164 1589 2218 Do-

85 2242 213 2303 ctores
233 2233 411 2289 etenim
439 2243 640 2288 tantum
668 2248 829 2289 sonos
849 2235 1129 2289 verborum
1159 2235 1468 2303 proferunt;
1494 2249 1591 2288 au-

84 2301 231 2359 ditores
264 2315 428 2358 autem
465 2307 689 2361 veritate
733 2306 877 2360 intus
914 2301 1173 2370 docente,
1194 2306 1353 2359 verba
1381 2314 1582 2370 mente,

84 2376 256 2447 resvisu
276 2375 500 2429 discunt.
532 2376 624 2431 Sic
656 2377 876 2440 litteras,
907 2377 983 2431 sic
1006 2377 1213 2447 ignotas
1244 2376 1468 2445 linguas,
1509 2376 1587 2431 sic

85 2445 210 2500 varias
234 2455 359 2500 artes
378 2447 652 2512 discimus,
675 2448 803 2501 dum
830 2462 1005 2506 sonos,
1026 2445 1308 2502 verborum
1333 2464 1361 2499 a
1390 2461 1588 2515 praece-

84 2517 264 2581 ptoribus
287 2519 618 2587 percipimus,
652 2532 740 2572 res
778 2518 919 2587 ipsas
944 2519 1165 2573 veritate
1190 2518 1418 2572 docente
1444 2517 1586 2571 intus

83 2588 430 2643 consideramus.
460 2588 566 2644 Sed
594 2589 720 2657 quid
748 2588 816 2643 de
840 2599 1002 2643 cantu
1049 2598 1131 2643 est
1159 2588 1464 2655 dicendum,
1496 2589 1585 2658 qui

81 2672 153 2711 non
174 2658 377 2725 videtur,
405 2660 497 2715 sed
529 2668 737 2714 tantum
765 2660 949 2713 auditu
974 2659 1219 2714 discitur?
1247 2658 1435 2714 Nonne
1458 2659 1586 2714 dum

82 2741 148 2780 vox
168 2730 379 2784 canentis
404 2730 534 2787 foris
559 2740 738 2794 sonat,
760 2729 957 2784 veritas
985 2730 1125 2785 intus
1153 2731 1304 2800 quasi
1328 2731 1586 2800 quosdam

79 2810 273 2872 ascensus
298 2801 437 2856 vocis
468 2803 518 2856 in
560 2802 740 2856 anima
768 2801 997 2855 format?
1026 2802 1189 2872 Igitur
1216 2801 1348 2856 nihil
1368 2803 1587 2856 omnino

78 2882 142 2934 per
158 2870 396 2927 hominem
426 2874 527 2927 nisi
559 2874 709 2927 solus
733 2887 898 2926 sonus
926 2870 1185 2937 discitur;
1218 2874 1377 2926 verba
1407 2881 1586 2927 autem

78 2949 112 3012 et
140 2956 207 2996 res
234 2958 318 3012 per
346 2945 623 2998 veritatem
657 2944 708 2997 in
740 2944 976 2997 interiori
1007 2942 1222 2997 homine
1259 2944 1585 2998 habitantem

77 3008 384 3068 discernuntur
400 3016 438 3069 ².
469 3014 537 3069 Ει
567 3014 647 3069 sic
666 3013 942 3069 verissime
964 3029 1099 3068 unus
1121 3013 1373 3084 magister
1393 3014 1588 3084 praedi-

75 3090 197 3148 catur,
232 3100 256 3136 a
282 3100 383 3166 _q_uo
407 3087 641 3166 quisque
683 3085 1245 3166 interins_instruit_ur.
1290 3085 1366 3166 Ida
1389 3095 1586 3166 autem

73 3165 150 3218 qua:
171 3168 195 3205 a
216 3155 355 3210 nobis
388 3172 494 3212 non
513 3155 792 3221 videntur,
820 3166 879 3210 ut
905 3157 1044 3211 Deus
1063 3167 1119 3212 et
1140 3156 1350 3227 Angeli,
1381 3164 1587 3211 tantum

71 3236 150 3277 esse
169 3227 450 3281 creduntur.

115 3293 296 3351 CAPUT
321 3297 593 3353 XXXVII.
623 3297 758 3365 Quid
798 3297 1037 3364 lli/ferant
1077 3298 1278 3352 credere
1318 3296 1503 3364 Deum,
1542 3305 1589 3351 et

70 3366 214 3439 {redde
236 3369 283 3421 in
300 3367 478 3423 Deum.
508 3367 678 3423 Fides
705 3386 836 3422 vera.
868 3370 1011 3425 Dlsc.
1030 3369 1219 3425 DiII'ert
1241 3368 1590 3439 aliquid,cre-

72 3432 158 3489 dere
179 3438 346 3503 Deum,
371 3449 423 3495 et
448 3442 677 3495 credere
700 3440 749 3494 in
777 3441 986 3495 Deum?

120 3505 232 3564 MAG.
266 3509 497 3566 Multum.
536 3512 818 3565 Daemones
843 3512 1041 3565 etenim
1066 3519 1121 3566 et
1144 3511 1339 3581 Pagani
1366 3509 1590 3567 credunt

75 3572 219 3651 Deum,
239 3582 325 3636 sed
358 3598 463 3638 non
501 3582 732 3637 credunt
777 3582 830 3635 in
861 3582 1046 3636 Deum.
1086 3572 1325 3638 Crednnt
1359 3597 1587 3651 namque

74 3647 172 3712 quod
210 3650 333 3724 Deus
377 3654 445 3708 sit
489 3655 581 3724 qui
622 3653 799 3706 omnia
832 3654 1050 3719 creavit,
1107 3669 1169 3709 ac
1218 3668 1381 3722 super
1408 3647 1586 3708 omnia

76 3727 217 3792 puteus
237 3723 315 3777 sit.
349 3724 405 3778 In
436 3723 608 3779 Deum
631 3732 808 3778 autem
841 3731 1046 3778 tantum
1071 3724 1317 3787 credunt,
1347 3724 1436 3792 qui
1465 3738 1584 3777 eum

72 3786 282 3857 diligendo
330 3795 380 3849 in
423 3796 573 3850 illum
629 3794 869 3849 tendunt.
920 3795 1057 3849 Vera
1108 3786 1459 3849 autemlides
1507 3803 1591 3849 est

72 3862 256 3933 Emere.
284 3867 419 3933 quod
440 3867 584 3922 Deus
607 3866 659 3919 in
680 3865 908 3919 essentia
938 3867 1004 3919 sit
1031 3866 1226 3932 unitas,
1252 3874 1305 3918 et
1333 3865 1383 3916 in
1410 3879 1592 3932 perso-

73 3928 128 3981 nis
146 3928 340 3999 trinitas,
372 3946 427 3992 et
473 3937 562 3991 hic
592 3946 779 3991 cuncta
813 3952 879 3990 ex
923 3936 1091 3990 nihilo
1118 3928 1295 3991 Verbo
1320 3928 1422 3988 suo
1440 3950 1591 3988 crea-

72 4002 183 4076 verit,
210 4021 266 4059 ac
282 4008 510 4076 collapsa
529 4007 719 4062 eodem
756 4006 931 4062 Verbo
955 4005 1231 4061 incarnato
1255 4015 1591 4059 restaurave-

72 4068 134 4146 Fili
163 4077 293 4157 el_i.n
331 4068 518 4157 ulti-mo
570 4077 822 4157 die_per_
849 4077 1103 4147 Spiritum
1145 4092 1298 4157 suum
1345 4076 1591 4157 universa

70 4144 317 4211 innovabit;
348 4158 403 4204 et
438 4151 542 4205 hoc
567 4144 907 4204 credentibus
931 4162 1197 4202 summum
1231 4147 1451 4211 bonum,
1484 4146 1591 4199 sci-

72 4209 161 4291 licet
174 4232 229 4291 se
254 4209 440 4288 ipsum,
467 4222 519 4275 in
549 4220 773 4291 praemio
797 4219 960 4274 dabit.
981 4218 1107 4291 Haec
1128 4218 1261 4291 fides
1282 4217 1385 4270 vita
1402 4209 1594 4291 animae

68 4286 225 4361 existit,
254 4286 301 4344 et
328 4306 421 4359 per
446 4286 587 4346 hanc
602 4292 777 4361 justus
804 4291 952 4344 vivit.
988 4290 1111 4343 llaec
1134 4288 1269 4343 ﬁdes
1297 4302 1393 4361 spe
1424 4288 1595 4341 nutri-

68 4358 147 4420 ιω,
165 4370 214 4412 ut
230 4358 417 4430 corpus
442 4363 566 4417 cibo
602 4358 870 4424 reﬁcitur;
901 4361 1187 4416 dilectione
1227 4359 1509 4430 animatur,
1540 4366 1597 4412 ut

68 4429 404 4491 corpusaniina
433 4434 766 4497 vivificatur;
808 4432 1023 4487 dilectio
1064 4439 1243 4485 autem
1285 4429 1597 4497 operatione

67 4502 410 4568 comprobatur,
438 4505 581 4558 unde
600 4514 653 4558 et
679 4504 810 4558 fides
831 4504 947 4557 sine
962 4502 1209 4570 operibus
1231 4509 1437 4554 mortua
1459 4499 1600 4553 affir-

66 4575 206 4644 matur
226 4569 417 4644 (Jacobi
435 4591 492 4638 ll,
527 4574 636 4644 17).
662 4575 800 4644 Ergo
819 4575 920 4627 tide
943 4569 1119 4644 anima
1147 4572 1376 4627 declinat
1399 4585 1429 4644 a
1458 4570 1599 4644 malo

67 4636 459 4714 glnfacitjbonum,
480 4636 803 4714 Vspe'cunc'ta
829 4643 1132 4697 transitoria
1157 4643 1386 4714 respuit,
1412 4642 1597 4696 invisi-

67 4701 159 4785 bilia
184 4712 271 4768 sibi
292 4701 485 4769 similia
509 4701 536 4746 ³·
555 4717 775 4785 appetit,
804 4715 1089 4769 dilectione
1109 4701 1331 4784 (ιιιεείίιιθ
1357 4701 1485 4767 dura
1516 4722 1598 4767 ιο-

69 4773 190 4843 lerat,
225 4787 392 4840 carnis
431 4773 662 4857 impetus
709 4773 963 4851 refrenat,
1001 4773 1302 4857 necessaria
1344 4784 1600 4853 proximis

67 4858 241 4926 erogat,
268 4872 476 4912 summo
512 4853 660 4912 bono
688 4872 901 4926 semper
936 4855 1172 4909 anhelat.
1219 4853 1380 4924 Igitur
1423 4856 1600 4909 anima

64 4929 156 4983 quae
177 4925 245 4979 sic
270 4928 539 4998 credendo
567 4940 621 4984 et
644 4925 908 4998 sperando
933 4927 989 4981 in
1018 4926 1184 4982 Deum
1211 4926 1398 4991 tendit,
1427 4927 1600 4997 ipsum

65 4998 283 5050 Summum
313 4997 510 5053 bonum
543 5001 659 5053 sine
677 4997 783 5053 fine
806 4998 1038 5055 habebit.

116 5079 316 5142 CAPUT
352 5088 640 5144 XXXVIII.
689 5089 837 5156 Quod
878 5090 1061 5143 anima:
1107 5104 1259 5141 carne
1301 5087 1480 5141 solutae
1530 5087 1605 5141 nil

66 5162 317 5226 τεηῖροτεωη
338 5162 571 5213 sentiant.
600 5162 741 5216 [ηδε.
765 5162 819 5215 Si
841 5160 1031 5215 animm
1052 5159 1362 5213 naturaliter
1385 5166 1509 5213 sunt
1529 5157 1606 5211 lu-

66 5220 473 5298 ἓῖάξιθνμᾳυςυινὶιιη·
507 5240 678 5285 utrum
718 5232 996 5285 animabus
1035 5245 1262 5298 Corpore
1289 5231 1462 5283 exutis
1507 5230 1601 5282 lux

66 5287 144 5344 diei
178 5287 359 5372 aliquid
402 5302 676 5367 conferat,
713 5302 797 5355 vel
834 5316 1021 5357 rursus
1046 5287 1216 5372 caligo
1242 5301 1414 5357 noctis
1444 5300 1602 5370 quid-

996 130 1202 189 uesn
1239 132 1328 189 DE
1365 86 1793 189 COGNITIONE'
1817 132 2027 190 VERE
2064 133 2275 193 Vim.

3175 145 3317 205 i026

1802 246 1940 320 Mite.
1989 247 2139 304 Sicut
2165 264 2361 319 corpus
2387 250 2503 307 sine
2526 253 2701 310 anima
2728 255 2860 313 nihil
2890 256 3091 316 sentire
3127 266 3308 320 cerni-

1733 319 1946 402 tur,.sic
1990 320 2173 402 utique
2216 322 2392 402 anima
2433 323 2548 402 sine
2573 340 2804 402 corpore
2829 329 2962 402 nihil
2988 319 3306 402 corporenon

1728 389 1929 470 sentire
1967 390 2223 472 creditur.
2269 390 2489 460 Corpori
2514 389 2712 464 quippe
2742 398 2973 454 admixta
3000 389 3099 472 per.
3124 389 3309 462 oculos

1726 461 1888 546 εθψξι
1912 461 2140 524 colores,
2166 476 2261 529 per
2286 477 2445 546 aures
2469 461 2656 546 voces,
2682 482 2775 546 per
2802 484 2956 523 nares
2976 461 3187 541 odores,
3213 461 3309 546 per

1721 532 1960 655 galatum
1992 547 2230 601 sapores,
2258 548 2356 601 per
2385 540 2582 588 tactum
2612 532 2696 591 vel
2729 537 2991 594 incessum
3020 558 3105 597 res
3140 532 3307 618 tetigi;

1762 601 1857 655 lies
1888 604 2110 655 mollitie
2137 604 2220 655 vel
2262 603 2457 655 duritia
2486 604 2813 655 differentes.
2847 610 2888 655 A
2924 626 3148 655 nni-mm
3174 633 3302 655 imm

1762 601 1857 656 iles
1888 604 2119 681 mollitie
2137 604 2220 658 vel
2262 603 2457 658 duritia
2486 604 2813 681 differentes.
2846 610 2891 662 A
2924 626 3148 681 corpore
3174 601 3302 673 vero

1721 681 1963 755 separata
1991 672 2119 755 nihil
2148 689 2466 757 corporeum
2487 678 2836 757 corporaliter
2860 672 3046 757 sentit",
3068 672 3304 757 quasque

1720 756 1808 797 res
1847 744 1899 797 in
1943 745 2267 813 proprietate
2305 744 2648 813 substantiae,
2673 750 2955 805 abstractis
2994 744 3303 813 accidentiis

1720 812 1960 900 uolutum
1992 812 2272 900 censpicit,
2308 818 2601 900 Spiritualia
2631 834 2844 900 quoque
2870 836 2969 900 suo
2994 840 3146 900 more
3175 812 3303 900 sen-

1719 884 1799 937 tit.
1824 884 1970 940 Sicut
1996 902 2123 955 ergo
2146 887 2323 941 lumen
2344 884 2580 942 Candelae
2612 884 2980 947 nihil-confert
3008 896 3106 952 soli
3134 897 3199 951 ad
3225 899 3305 953 lu-

1716 955 1942 1010 cendum
1965 998 1979 1018 ,
2012 958 2092 1011 sic
2136 957 2373 1025 profecto
2404 959 2491 1013 lux
2521 960 2651 1014 solis
2681 960 2813 1015 nihil
2844 966 3064 1020 omnino
3089 968 3301 1024 confert

1713 1026 1905 1102 animus
1924 1026 1992 1081 ad
2004 1026 2322 1102 _videudum.
2352 1030 2416 1102 Et
2440 1030 2575 1102 sicut
2602 1046 2707 1086 nox
2728 1032 2886 1102 jubar
2909 1036 3039 1090 solis
3064 1054 3171 1093 non
3199 1039 3302 1094 im-

1712 1096 1895 1178 pedit,2
1925 1098 2019 1153 sed
2064 1099 2238 1168 potius
2269 1098 2436 1167 fugit;
2471 1101 2688 1178 sic_nec
2726 1096 2924 1178 animae
2960 1106 3298 1178 aliquatenus

1710 1166 1954 1247 obsistit,‘
1973 1166 2157 1247 utputa
2181 1166 2467 1247 quamneu
2492 1172 2667 1247 anima
2696 1175 2882 1247 sen_tit._
2900 1166 3067 1232 Porro
3092 1181 3291 1247 anima,

1708 1246 1802 1319 aut
1827 1238 2092 1319 spirituali
2118 1241 2237 1295 luce
2267 1242 2379 1310 ipsa
2404 1242 2561 1319 nimis
2584 1258 2694 1319 pra:
2723 1245 2839 1319 sole
2860 1245 3053 1315 fulgida
3078 1238 3291 1319 fruitur,

1707 1317 1800 1383 aut
1829 1308 2043 1383 horrida
2076 1308 2416 1380 peccatorum
2446 1308 2668 1383 caligine
2698 1308 2981 1371 obscurata
3003 1361 3016 1382 ,
3049 1338 3152 1375 non
3190 1308 3292 1375 no;

1706 1380 1806 1433 ctis
1827 1419 1843 1445 ,
1873 1381 2227 1460 sed_propriis
2259 1393 2312 1437 ut
2339 1399 2513 1460 caecus
2542 1380 2776 1460 tenebris
2805 1380 3291 1460 involvitur.-Quod

1703 1459 1888 1523 autem,
1907 1454 2087 1509 anima
2112 1468 2272 1508 carne
2297 1455 2471 1509 soluta
2496 1456 2851 1523 corporaliter
2874 1459 3043 1514 lucem
3074 1454 3182 1516 non
3207 1465 3285 1517 vi-

1702 1518 1844 1601 deat,
1879 1522 2002 1601 hinc
2026 1532 2255 1601 con_stat,
2278 1524 2419 1601 quod
2446 1540 2567 1601 cum
2596 1518 2770 1596 aliqua
2792 1528 2993 1585 dictare
3016 1533 3281 1601 volumus,

1702 1592 1784 1646 vel
1806 1593 2091 1681 quidquam
2112 1592 2824 1681 facturidisponimus,"_mox
2844 1601 3022 1681 anima
3050 1592 3285 1681 exterio;

1699 1677 1787 1718 res
1818 1679 2007 1742 sensus
2037 1665 2187 1742 fugit,
2222 1667 2485 1742 introrsus
2513 1683 2572 1722 se
2599 1668 2821 1739 colligit,
2839 1665 2903 1742 in
2927 1687 2985 1726 se
3009 1673 3119 1742 ipsa
3144 1676 3284 1731 intus

1699 1734 2005 1806 considerat
2031 1734 2187 1791 ea’de
2214 1738 2407 1806 quibus
2436 1746 2657 1805 tractat,
2689 1734 2751 1793 et
2771 1740 2899 1795 solis
2941 1734 3117 1798 lumen
3149 1747 3282 1802 nihil

1698 1804 1746 1878 ei
1778 1806 2150 1878 prodest,rsed
2177 1804 2334 1861 etiam
2365 1808 2416 1863 ei
2459 1809 2525 1863 ad
2571 1810 2671 1865 hoc
2701 1812 2969 1878 negotium
2999 1814 3152 1870 obest
3182 1835 3195 1870 :
3229 1826 3284 1872 et

1696 1873 1981 1947 dumalias
2009 1878 2268 1943 attendit,
2298 1878 2562 1934 clainosas
2587 1895 2748 1935 voces
2768 1873 2919 1947 juxta
2947 1900 3005 1939 se
3041 1901 3145 1941 non
3182 1903 3278 1941 au-

1696 1943 1803 2021 dit.‘
1836 1945 1999 2021 Igitur
2025 1948 2201 2021 anima
2228 1958 2387 2021 extra
2405 1965 2601 2019 corpus
2629 1943 3106 2021 nihil—corporeum
3138 1957 3282 2014 videt

1694 2017 1784 2141 .ve(li
1823 2019 1988 2141 audit.
2033 2019 2186 2087 Quod
2216 2020 2261 2074 si
2290 2019 2451 2088 facit,
2495 2017 2622 2077 tunc
2647 2022 2829 2094 utique
2853 2017 3059 2080 aerium
3086 2042 3282 2097 corpus

1694 2102 1747 2139 III
1792 2105 1841 2141 lII
1872 2126 1886 2140 ο

1693 2098 1886 2142 ιηαιηι.

1763 2157 1991 2234 CAPUT
2027 2160 2270 2234 XXXIX.
2320 2161 2421 2227 Qui
2460 2164 2623 2217 sancti
2662 2181 2833 2234 preces
2883 2176 3081 2223 nostras
3122 2185 3282 2225 exaua

1692 2229 1852 2282 diant.
1887 2231 2028 2307 piso.
2057 2231 2119 2307 Si
2153 2234 2349 2287 animae
2378 2229 2672 2307 corporeas‘
2695 2252 2854 2291 voces
2879 2252 2984 2293 non
3016 2240 3275 2307 audiunt,

1691 2301 1959 2371 quomodo
1984 2304 2191 2359 animas
2214 2301 2520 2359 sanctorum
2542 2346 2558 2371 ,
2587 2306 2789 2361 scilicet
2818 2307 2962 2362 Petri
3005 2310 3086 2364 vel
3133 2301 3282 2366 Mar:-

1692 2370 1900 2494 ginilv’el
1928 2373 2170 2442 alterius,
2205 2375 2356 2429 multi
2385 2390 2572 2445 preces
2600 2391 2726 2431 suas
2753 2379 3035 2435 exaudisse
3064 2382 3276 2451 experti

1721 2456 1788 2494 un

1689 2449 1812 2495 sunt

1761 2511 1899 2584 Mite.
1926 2512 2112 2569 Oratio
2149 2514 2328 2569 cordis
2349 2556 2365 2581 ,
2395 2529 2501 2571 non
2527 2516 2674 2584 oris,
2703 2520 2947 2574 ascendit
2973 2520 3026 2573 in
3053 2522 3274 2577 cmlum.

1689 2582 2056 2659 Aniniageuim
2081 2599 2184 2659 non
2207 2587 2497 2659 clamorem
2520 2582 2686 2659 vocis,
2714 2589 2808 2642 sed
2834 2591 3012 2645 cordis
3029 2592 3273 2659 audiunt,

1691 2662 1746 2733 et
1772 2669 1829 2709 se
1857 2654 2083 2709 ﬁdeliter
2109 2656 2476 2733 invocautibus
2501 2658 2841 2714 subveniunt.
2878 2660 3062 2731 Neque
3100 2654 3273 2733 magis

1690 2724 1953 2799 clamosus
1990 2740 2185 2799 preces
2217 2727 2471 2799 audiunt,
2503 2743 2663 2798 quam
2693 2744 2783 2783 eas
2810 2746 2928 2799 qua:
2956 2724 3073 2787 sine
3098 2724 3231 2787 voce
3256 2774 3272 2798 ,

1690 2795 1776 2872 vel
1802 2796 1853 2872 in
1886 2797 2086 2872 lingua,
2109 2798 2193 2872 vel
2222 2798 2272 2850 iu
2300 2798 2460 2852 corde
2488 2795 2690 2853 tantum
2718 2795 2875 2872 ﬁunt;
2900 2803 3021 2872 quia
3046 2819 3219 2872 neque
3239 2795 3270 2858 εἰ

1691 2866 1846 2938 nobis
1875 2868 2030 2921 verba
2054 2908 2067 2930 ,
2103 2868 2195 2921 sed
2236 2884 2393 2923 voces
2417 2877 2636 2938 tantum
2665 2866 2987 2938 audiuntur;
3018 2866 3271 2929 caatérum

1691 2936 1851 3010 verba
1887 2948 2062 3010 mente
2091 2938 2357 2993 videntur.
2401 2936 2530 2992 Cum
2570 2956 2698 3010 ergo
2727 2941 2919 2996 animae
2945 2936 3141 2999 nostra:
3170 2946 3273 2999 ali-

1692 3007 1817 3076 quid
1856 3008 2147 3063 seeundum
2198 3010 2367 3063 Deum
2396 3007 2731 3071 desiderant,
2763 3020 2817 3066 et
2846 3011 2948 3068 hoc
2974 3015 3072 3068 sibi
3098 3032 3129 3068 a
3163 3017 3273 3072 Deo

1692 3093 1793 3155 per
1813 3078 2024 3133 sanctos
2038 3078 2180 3155 dari,
2205 3081 2317 3135 sive
2337 3080 2520 3146 corde,
2545 3082 2877 3155 siveliugna,
2900 3099 2994 3139 seu
3020 3100 3148 3140 voce
3175 3101 3272 3155 po-

1692 3150 1939 3222 stulant;
1964 3152 2155 3203 animae
2199 3161 2503 3205 sanctorum
2551 3150 2776 3222 (quibus
2803 3163 2886 3207 est
2917 3154 3055 3210 idem
3084 3150 3274 3212 audire

1692 3219 1831 3288 quod
1858 3220 2058 3284 videre,
2091 3229 2143 3274 et
2171 3236 2201 3275 e
2230 3222 2514 3290 converso)
2541 3219 2646 3276 non
2676 3237 2852 3289 voces,
2880 3226 2973 3280 sed
3002 3226 3160 3281 verba
3189 3228 3271 3281 in-

1693 3298 1923 3362 tuentes,
1945 3290 2244 3362 desiderata
2266 3292 2341 3346 eis
2368 3307 2399 3346 a
2428 3293 2536 3347 Deo
2564 3294 2877 3362 impetrant;
2904 3297 3044 3350 unde
3065 3296 3274 3353 habetis

1692 3360 1947 3434 sc_riptum
1971 3360 2353 3434 ,_¥Desidei-_i_um
2393 3360 2677 3434 pauperum
2717 3366 2972 3420 exaudivit
3023 3367 3273 3422 Dominus

1693 3430 1880 3504 (Ραξαι.⁸
1894 3447 1950 3504 ξ..
2017 3432 2070 3504 2,
2081 3449 2197 3504 ρει.
2224 3430 2431 3504 Hebr.).

1763 3501 1989 3577 CAPUT
2028 3502 2139 3577 XL‘.
2186 3501 2452 3570 Quomodo
2492 3505 2840 3577 intelligantur
2866 3509 3053 3562 anima:
3091 3525 3124 3561 a
3158 3526 3273 3564 cor-

1694 3589 1815 3651 pore
1847 3572 1971 3626 solvi
1990 3615 2004 3639 ,
2037 3583 2082 3627 et
2110 3574 2292 3627 iterum
2320 3576 2528 3651 reverti,
2560 3591 2621 3651 uc
2646 3572 2753 3630 nisa
2776 3577 2983 3646 referre.
3028 3579 3274 3651 Inferna:

1693 3660 1767 3719 ςει
1794 3646 2118 3719 incorporeus
2138 3686 2152 3709 ,
2196 3655 2284 3698 aut
2330 3647 2515 3719 anima:
2541 3648 2795 3701 damnata:
2822 3665 3003 3719 corpus
3030 3646 3267 3706 induunt.

1694 3715 1836 3768 Disc.
1862 3715 2048 3768 Nonne
2069 3716 2279 3784 legitur,
2307 3717 2447 3784 quod
2469 3733 2611 3786 saepe
2639 3719 2817 3772 multa:
2844 3715 3036 3773 animae
3057 3720 3125 3776 de
3145 3737 3272 3776 cor-

1696 3800 1822 3853 pore
1867 3786 2110 3850 eductae,
2158 3787 2323 3839 multa
2372 3788 2483 3840 loca
2542 3789 2795 3855 poenalia,
2835 3800 2890 3843 et
2935 3792 3058 3844 item
3108 3794 3275 3847 multa

1694 3872 1901 3910 amoena
1924 3865 1976 3908 et
1998 3854 2204 3920 ﬂorida,
2231 3866 2283 3909 et
2312 3857 2364 3909 in
2390 3858 2626 3925 utrisque
2650 3859 2842 3911 multas
2862 3859 3067 3913 animas
3092 3859 3142 3913 in
3172 3861 3274 3915 hu-

1696 3941 1849 4000 mana
1880 3927 2045 4000 forma
2074 3925 2336 4000 viderint,
2368 3936 2525 4000 atque
2550 3926 2617 4000 ad
2641 3942 2837 4000 corpus
2867 3944 3117 3997 reversae,
3147 3932 3270 4000 plu-

1696 3997 1826 4050 rima
1856 4010 1914 4050 se
1944 3996 2009 4049 ab
2038 3994 2115 4049 eis
2141 3996 2354 4050 audisse
2386 3994 2703 4051 retulerim?

1769 4066 1905 4120 IIIAG.
1948 4065 2231 4140 Sciendum
2271 4076 2385 4140 est,
2415 4066 2556 4137 quod
2595 4066 2678 4120 hac
2707 4067 2897 4122 animie
2928 4084 3032 4123 non
3064 4072 3280 4140 penitus

1698 4151 1887 4209 corpus
1917 4136 2261 4209 reliquerant,
2294 4137 2390 4191 sed
2417 4136 2605 4191 sensus
2626 4146 2829 4191 tantum
2850 4136 3137 4209 corporeos
3158 4143 3273 4199 suis

1699 4206 1890 4259 (illiciis
1920 4206 2295 4278 destituerant,
2329 4223 2524 4278 corpus
2549 4218 2725 4263 autem
2756 4225 2861 4263 non
2892 4206 2962 4264 ei
2989 4220 3100 4266 toto
3125 4213 3275 4269 vitali

1703 4278 1892 4346 Spiritu
1919 4277 2151 4348 carebat.
2182 4277 2334 4332 Unde
2356 4277 2563 4348 eaquae
2588 4280 2885 4347 audierant,
2910 4297 3015 4335 non
3043 4298 3128 4337 res
3154 4298 3280 4337 cor-

1703 4363 1878 4417 poreae
1898 4388 1913 4412 ,
1941 4347 2264 4423 sedsimiles
2289 4347 2670 4423 corporearum
2708 4366 2884 4423 rerum
2930 4363 3116 4419 erant,
3145 4369 3282 4423 quas

1704 4434 1932 4491 reversm
1976 4419 2092 4473 aliis
2132 4419 2183 4472 in
2222 4434 2445 4491 corpore
2470 4421 2773 4475 constitutis
2809 4437 2904 4491 pro
2929 4419 3284 4481 aedificatione

1703 4489 1907 4543 referre
1957 4500 2218 4558 poterant.
2273 4490 2557 4561 Postquam
2614 4507 2744 4546 vero
2795 4489 2987 4561 corpus
3042 4494 3282 4550 funditus

1705 4570 1985 4632 exuerant,
2005 4561 2157 4629 longe
2184 4576 2270 4615 res
2296 4562 2450 4615 aliter
2473 4571 2589 4617 erat
2607 4579 2763 4632 quam
2794 4566 2940 4631 prius
2962 4563 3145 4620 videre
3172 4582 3281 4622 non

1705 4630 1975 4706 valebant.
2004 4632 2169 4706 Sicuti
2199 4644 2296 4706 nos
2324 4632 2604 4706 aliquando
2626 4630 2778 4706 juxta
2802 4630 3060 4706 parietem
3093 4638 3278 4706 positi,

1706 4703 1949 4756 umbram
1980 4702 2241 4757 venientis
2268 4702 2495 4756 hominis
2515 4745 2529 4767 ,
2560 4718 2664 4757 non
2696 4704 2866 4772 ipsum
2890 4702 3159 4771 videmus;
3192 4702 3285 4763 re;

1708 4783 1854 4827 moto
1879 4780 2056 4827 autem
2083 4774 2359 4827 obstaculo
2388 4773 2544 4839 muri,
2592 4772 2763 4842 ipsum
2795 4783 2854 4828 ut
2882 4783 2964 4830 est
2988 4779 3286 4833 cernimus.

1707 4845 1914 4899 Anima:
1944 4844 2102 4917 etiam
2133 4843 2502 4917 defunctorum
2528 4860 2647 4899 cum
2677 4846 2976 4901 viventibus
3003 4859 3282 4917 apparent,

1708 4928 1905 4982 corpus
1930 4914 2132 4968 aerium
2164 4915 2406 4980 induunt,
2436 4914 2488 4968 in
2519 4929 2626 4984 quo
2646 4929 2957 4984 corpoream
2987 4914 3174 4974 vocem
3202 4922 3287 4976 vel

1709 4986 1869 5039 verba
1898 4985 2144 5039 audibilia
2166 4988 2488 5054 exprimunt.

1784 5056 1918 5109 Hinc
1939 5055 2220 5126 colligitur,
2243 5054 2383 5125 quod
2414 5054 2653 5110 infernus
2677 5057 2748 5111 sit
2772 5057 3139 5126 incorporeus,
3164 5062 3292 5116 sub-

1713 5127 1903 5199 stantia
1924 5125 2234 5199 spiritualis,
2257 5141 2527 5195 corporea:
2545 5128 2763 5191 similis;
2786 5125 2938 5199 Cujus
2964 5146 3118 5199 paena
3143 5142 3290 5185 tanto

1713 5199 1783 5251 sit
1819 5196 2203 5251 intolerabilior
2222 5237 2238 5263 ,
2282 5206 2481 5267 quanto
2508 5199 2723 5267 Spiritus
2752 5210 2837 5254 est
2853 5196 3089 5267 corpore
3117 5203 3285 5254 suhti~

1714 5268 1834 5321 lior.
1858 5266 2027 5321 Omne
2048 5267 2189 5321 enim
2211 5266 2405 5337 corpus
2432 5266 2692 5323 vetustate
2720 5270 2917 5334 deficit,
2940 5266 3290 5325 diuturnitate

1714 5340 2029 5392 dissolutum
2063 5338 2317 5393 interibit.
2350 5337 2502 5394 Unde
2528 5340 2572 5394 si
2601 5339 2876 5395 infernalis
2904 5342 3039 5408 ignis
3064 5348 3141 5393 est
3169 5356 3290 5395 cor-

65 5376 193 5425 αυυω
219 5372 278 5422 εει
306 5372 588 5426 videndum
1688 5372 3295 5480 Δῖςέῑξεςίίξξυέέέίεςῑῖςίιξςιςξρῖλτξςῆιῑι;ε“ε;ῑῑ;ι;;;;;ίῑς’ξςίπθξςῑτηξςυξξῑ

1688 5474 1956 5548 Ἔθαιιίωι*
1976 5488 2034 5534 ut
2058 5480 2158 5533 illis
2178 5474 2510 5550 consumptis
2536 5481 2648 5549 ipse
2680 5482 2933 5550 intereat;
2963 5480 3056 5533 sed
3084 5491 3295 5537 constat

1716 5551 1894 5621 ignem
1919 5550 2184 5621 gehennae
2213 5567 2322 5607 non
2345 5548 2605 5621 deficere;
2628 5565 2762 5621 ergo
2786 5548 3074 5618 spiritualis
3103 5560 3205 5606 est.
3236 5551 3295 5609 Si

1724 5619 1904 5680 autem
1925 5619 2008 5680 est
2032 5636 2339 5693 corporeus,
2369 5620 2463 5677 sed
2490 5619 2798 5677 indeﬁciens
2823 5628 3035 5675 creatus
3052 5630 3164 5692 est;
3195 5638 3299 5681 ne-

42 5468 48 5501 ⁷
112 5498 129 5571 ξ
154 5506 229 5571 us.
261 5506 495 5571 Audoen._,
518 5507 723 5571 dum.

112 5559 133 5648 ἰ
158 5563 277 5648 3‘3?

158 5623 435 5692 Fditi,sicut
