3842 6266
2010 279 2378 337 APPENDIX.
3647 282 3747 341 tum

2251 394 2378 449 boni
2429 390 2821 462 perseverantia
2877 388 3140 462 clauditur
3161 431 3176 454 ,
3214 390 3604 462 perseverantia
3644 393 3748 451 Deus

2257 466 2377 519 fons
2398 459 2634 519 omnium
2663 463 2923 517 bonorum
2953 461 3181 514 dabitur.
3212 459 3370 528 Igitur
3398 462 3479 530 qui
3507 466 3590 517 hac
3611 475 3751 521 catena

2261 545 2484 600 tractus,
2517 535 2652 588 hanc
2682 533 2871 588 turrim
2911 531 3170 604 seandens
3193 531 3399 586 culmen
3429 532 3532 599 ejus
3557 535 3750 604 attigerit,

2260 623 2363 661 non
2387 607 2557 661 solum
2589 620 2646 660 se
2677 619 2856 659 veram
2885 603 3046 656 vitam
3075 617 3411 672 cognoscere,
3434 604 3516 656 sed
3544 614 3591 658 et
3613 603 3753 673 peren-

2262 679 2401 731 niter
2428 678 2477 731 in
2499 693 2560 731 ea
2596 677 2748 730 beate
2773 677 2954 729 vivere
2978 689 3037 728 se
3061 673 3310 743 gaudebit
3333 690 3346 738 ;
3377 675 3491 743 quia
3514 675 3560 728 in
3578 691 3630 730 ea
3647 676 3757 744 hujus

2261 749 2449 820 gloria:
2473 762 2696 820 consors
2722 746 2845 820 erit.

2335 820 2475 874 Dtsc.
2517 818 2665 872 Verte
2692 818 2810 871 vita:
2837 825 2890 872 et
2916 816 3154 871 omnium
3181 814 3335 869 beate
3363 814 3619 869 viventium
3640 816 3750 871 faciat

2264 897 2317 945 te
2345 890 2483 944 Deus
2511 889 2840 958 participem,
2871 888 2961 958 qui
2993 901 3094 943 nos
3132 900 3318 940 omnes
3347 884 3411 939 ad
3437 901 3661 940 summum
3692 887 3755 942 bo-

2267 976 2392 1016 num
2422 960 2699 1032 perducat.
2731 960 2926 1014 Amen.

573 290 708 349 1051

569 413 680 460 tem
710 401 901 457 coelum
947 399 1204 456 caelorum
1231 399 1443 470 legitur,
1471 397 1584 468 ipse
1618 398 1758 452 Dens
1797 395 2142 466 intelligitur;

569 475 690 544 quia
721 472 842 544 co:li
865 472 945 526 vel
971 472 1096 542 justi
1131 473 1180 526 in
1207 472 1515 544 abscondito
1544 470 1693 544 faciei
1729 484 1849 544 suae
1869 475 2148 544 _a‘Ct)l_I.llll-'-

569 535 783 600 batione
824 535 1096 596 hominum
1144 545 1382 596 celantur
1433 540 1620 610 (Psal.
1652 555 1775 610 xxii,
1822 536 1960 610 ‘21).
2004 535 2152 610 Unde

570 614 837 678 scribitur,
852 612 1098 666 [labentes
1125 614 1412 667 thesaurum
1438 604 1487 664 in
1517 610 1641 664 aeto
1664 608 1876 680 (Matth:
1902 604 2015 680 itx,
2034 604 2149 675 2|),

571 685 673 739 hoc
703 693 800 748 est,
839 692 888 737 in
923 685 1046 737 lleo.
1099 685 1175 736 Ad
1205 685 1304 737 hoc
1334 697 1598 736 summum
1640 678 1834 733 benuni
1860 678 1988 748 justi
2025 693 2154 746 qua-

570 756 693 811 dam
743 764 927 808 catena
977 753 1277 817 trahuntur,
1310 770 1427 820 qua:
1457 751 1523 805 de
1552 751 1832 804 virtutibus
1863 747 1964 802 hoc
1995 747 2153 820 modo

571 827 922 881 connectitur.
974 823 1029 878 ltt
1082 826 1280 894 primis
1306 817 1435 877 lides
1474 823 1702 875 animant
1744 821 1893 894 quasi
1938 817 2150 894 quidam

572 898 803 952 circulus
844 888 1232 964 complectitur,
1264 893 1382 949 lidei
1409 907 1534 962 spes
1559 891 1880 964 annectitur,
1909 904 2033 959 Spes
2063 888 2147 941 di-

573 968 800 1022 lectione
829 961 1055 1032 tenetur,
1087 965 1301 1020 dilectio
1328 961 1640 1036 operatione
1669 961 1938 1036 expletur,
1963 974 2152 1036 opera-

574 1039 648 1093 tio
694 1039 985 1092 intentione
1017 1031 1067 1090 in
1110 1031 1380 1090 summum
1423 1037 1617 1092 bonum
1650 1031 1895 1098 trahitur,
1926 1031 2155 1086 intentio

2327 1210 2588 1217 ______—_—

849 1209 2696 1230 __—__—.___——__._--—————-———--———————-——-—-
2711 1208 2858 1215 —-—-—

1418 1300 1870 1366 ADMONITIO
1912 1301 1993 1362 IN
2036 1297 2660 1373 SUBSEQUENTEM
2697 1296 3022 1358 LIBRUM.

649 1471 807 1527 Liber
836 1472 903 1529 de
932 1473 1047 1528 Vita
1074 1473 1358 1528 christiana
1385 1473 1495 1543 jam
1522 1481 1645 1528 ante
1677 1472 1878 1543 parenti
1910 1486 2007 1525 suo
2033 1470 2310 1526 restitutus
2335 1469 2435 1525 fuit
2464 1484 2561 1539 per
2589 1469 2787 1524 Lucam
2818 1468 3173 1534 Holstenium,
3199 1467 3293 1538 qui
3323 1482 3504 1522 novam
3528 1480 3581 1522 ac
3604 1466 3765 1537 singula-

579 1579 695 1620 rem
735 1564 974 1634 ejusdem
1006 1565 1126 1620 libri
1156 1565 1442 1620 editionem
1481 1564 1546 1619 ad
1589 1575 1740 1619 vetus
1765 1563 2038 1632 exemplar
2076 1561 2384 1617 Casinensis
2429 1561 2737 1617 monasterii
2767 1601 2782 1626 ,
2815 1561 2868 1616 in
2897 1577 3004 1632 quo
3038 1558 3259 1616 Fastidii
3300 1559 3505 1614 nomine
3538 1559 3764 1628 inscriptum

582 1658 823 1728 reperit,
873 1657 1245 1729 perficiendam
1289 1658 1494 1713 curavit
1534 1657 1787 1711 Romanis
1820 1656 1989 1727 typis,
2028 1670 2168 1709 anno
2199 1653 2356 1708 1665.
2389 1653 2663 1709 Casinensi
2694 1654 2984 1724 exemplari
3014 1652 3174 1708 ﬁdem
3213 1653 3646 1722 auctoritatemque
3665 1652 3766 1705 aﬂert

579 1750 889 1806 Gennadius
914 1793 926 1815 ,
956 1750 1024 1805 de
1053 1749 1287 1805 Fastidio
1311 1758 1365 1806 et
1390 1750 1508 1820 ejus
1539 1747 1991 1804 lucubrationibus
2020 1747 2072 1800 in
2100 1746 2234 1802 libro
2258 1745 2326 1801 de
2358 1745 2718 1817 Scriptoribus
2747 1746 3135 1802 Ecclesiasticis
3157 1789 3174 1816 ,
3203 1761 3324 1818 cap.
3357 1746 3423 1803 56
3446 1787 3461 1812 ,
3489 1746 3553 1800 ita
3577 1745 3763 1816 loquens:

591 1861 610 1894 ι
638 1841 903 1898 Fastidius
933 1843 1101 1896 Britto
1129 1841 1342 1912 scripsit
1366 1841 1431 1896 ad
1458 1841 1694 1896 Fatalem
1725 1840 1792 1895 de
1823 1839 1937 1894 Vita
1961 1838 2248 1893 christiana
2276 1839 2493 1906 librum,
2520 1849 2575 1895 et
2597 1840 2759 1896 alium
2783 1840 2853 1896 de
2874 1839 3140 1895 Viduitate
3163 1839 3448 1904 servanda,
3474 1854 3586 1894 sana
3605 1848 3648 1892 et
3663 1838 3768 1905 digna

575 1935 835 1990 doctrina.
883 1951 904 1986 ›
945 1933 1203 1990 Gennadii
1253 1933 1412 1988 verba
1454 1941 1577 1987 sunt
1625 1947 1690 1988 ex
1719 1931 2081 1986 vetustissimo
2109 1930 2416 1986 Corbeiensi
2447 1931 2628 1986 codice
2658 1930 2924 2002 descripta
2950 1949 2965 1998 ;
2997 1949 3115 2002 qua:
3143 1932 3356 2003 quidem
3390 1933 3440 1986 in
3466 1931 3600 1988 editis
3623 1945 3698 1984 non
3719 1930 3767 1982 sic

575 2041 708 2098 pura
739 2027 1006 2096 leguntur,
1047 2019 1154 2082 sed
1183 2026 1321 2080 male
1362 2024 1672 2095 interpolata
1702 2023 1911 2078 duobus
1951 2023 2187 2079 tribusve
2216 2024 2346 2080 locis
2377 2043 2389 2080 :
2417 2024 2622 2080 scilicet
2652 2044 2670 2077 ι
2703 2025 2769 2080 ad
2807 2025 3046 2080 Fatalem
3090 2025 3379 2096 quemdam
3413 2045 3432 2079 ι
3459 2025 3651 2094 scriptus
3679 2023 3767 2075 liber

575 2118 769 2174 dicitur
795 2119 847 2172 in
873 2117 1134 2175 Gennadii
1163 2117 1474 2187 impressis;
1505 2131 1664 2186 quem
1705 2124 1883 2170 tamen
1912 2132 2016 2168 non
2057 2115 2122 2169 ad
2149 2115 2322 2169 virum
2346 2157 2360 2180 ,
2394 2115 2489 2171 sed
2527 2117 2592 2170 ad
2634 2116 2847 2170 viduam
2887 2117 3173 2187 quamdam
3216 2117 3472 2174 directum
3507 2132 3606 2172 esse
3629 2116 3763 2184 liquet;

575 2218 944 2280 praetereaque
971 2209 1025 2264 in
1054 2209 1242 2264 iisdem
1269 2207 1543 2278 impressis
1568 2207 1714 2261 libris
1739 2206 1998 2275 judicium
2025 2204 2283 2261 Gennadii
2311 2222 2419 2262 uno
2443 2207 2651 2277 adjecto
2678 2207 2843 2263 verbo
2867 2208 3132 2264 illustrius
3161 2209 3340 2279 longe,
3368 2211 3448 2264 vel
3473 2208 3615 2278 magis
3633 2207 3767 2276 (dicere

577 2303 755 2374 liceat)
799 2304 1027 2373 ineptius
1056 2304 1296 2359 redditur
1326 2304 1378 2358 in
1411 2303 1552 2358 hunc
1577 2301 1793 2356 modum
1831 2317 1845 2353 :
1877 2319 1894 2352 ‹
1924 2299 2062 2355 Sana
2092 2300 2288 2369 etpeo
2316 2299 2476 2370 digna
2506 2299 2769 2356 doctrina.
2806 2320 2825 2354 ι
2871 2301 3160 2357 Enimvero
3194 2301 3481 2358 Fastidium
3509 2300 3662 2370 Pelagii
3679 2311 3766 2351 con-

583 2395 816 2449 terranei
841 2395 924 2450 sui
953 2394 1145 2451 haeresi
1176 2394 1444 2450 addictum
1473 2393 1636 2448 fuisse
1663 2409 1766 2448 non
1794 2399 1998 2448 temere
2027 2391 2364 2462 suspicantur
2388 2391 2580 2446 eruditi
2621 2393 2738 2447 viri.
2769 2392 2902 2448 Nam
2930 2394 2997 2449 de
3031 2393 3242 2449 Adamo
3270 2395 3323 2449 in
3357 2393 3506 2464 hujus
3530 2392 3627 2447 libri
3653 2389 3766 2458 (spite

576 2486 648 2540 15
672 2487 748 2540 sic
779 2487 1008 2556 loquitur
1033 2505 1046 2541 :
1077 2505 1095 2538 ι
1125 2487 1181 2542 ln
1209 2502 1314 2558 quo
1345 2487 1474 2542 nihil
1506 2485 1667 2541 fuisse
1691 2484 2075 2540 incredulitatis
2101 2484 2334 2549 invenio,
2367 2492 2560 2554 prteter
2585 2485 2754 2540 solam
2783 2484 3228 2553 iuobedientiam,
3255 2487 3404 2556 cujus
3447 2499 3584 2540 causa
3619 2483 3682 2538 ille
3707 2481 3765 2534 da-

577 2589 790 2634 mnatus
815 2589 916 2646 est,
931 2589 1187 2636 etomnes
1208 2595 1307 2634 suo
1321 2579 1638 2634 damnantur
1665 2577 1962 2646 exemplo.)
1989 2576 2108 2646 Ipse
2132 2584 2215 2632 est
2238 2575 2432 2647 Pelagii
2464 2592 2613 2632 error
2632 2577 2893 2646 docentis,
2921 2578 3051 2634 Adae
3073 2589 3354 2650 peccatum
3379 2578 3583 2650 posteris
3599 2574 3765 2643 exemplo

579 2672 826 2728 nocuisse
850 2713 864 2737 ,
899 2687 1002 2727 non
1037 2675 1262 2728 transitu
1281 2714 1295 2738 ,
1329 2681 1384 2726 ut
1415 2673 1466 2726 in
1494 2672 1718 2742 epistola
1751 2671 1818 2726 ad
1857 2668 2248 2726 Demetriadem
2271 2712 2286 2737 ,
2317 2670 2368 2724 in
2392 2671 2700 2740 Appendice
2730 2688 2950 2742 operum
2979 2673 3264 2743 Augustini
3299 2691 3310 2726 :
3344 2687 3494 2742 quem
3521 2669 3764 2739 Pelagianum

585 2779 823 2820 errorem
857 2765 1176 2835 Augustinus
1207 2779 1350 2834 Stepe
1378 2762 1744 2833 reprehendit.
1779 2760 1908 2828 Quae
1934 2761 2093 2816 etiam
2120 2759 2207 2815 hic
2231 2759 2501 2816 habentur
2531 2761 2584 2816 in
2606 2763 2780 2831 capite
2808 2763 2894 2828 11,
2933 2781 2951 2814 α
2985 2763 3078 2818 Ille
3102 2763 3250 2817 enim
3279 2763 3463 2817 merito
3488 2761 3547 2815 ad
3569 2762 3691 2814 Deum
3704 2772 3765 2811 ex-

575 2856 710 2910 tollit
740 2869 947 2919 manus,
978 2855 1066 2909 ille
1095 2868 1281 2924 preces
1306 2855 1458 2908 bona:
1484 2851 1826 2907 conscientia:
1856 2850 2060 2918 fundit,
2093 2851 2183 2921 qui
2214 2859 2391 2920 potest
2418 2851 2628 2918 dicere,
2663 2853 2742 2907 Tu
2773 2852 2947 2921 nosti,
2978 2851 3237 2921 Domine,
3269 2869 3425 2924 quam
3452 2860 3640 2914 sancte,
3663 2861 3763 2918 quam

577 2948 913 3012 innocentes,
966 2961 1123 3016 quam
1154 2961 1298 3015 purae
1324 2953 1450 2999 sunt
1477 2943 1544 2998 ab
1573 2943 1718 2998 omni
1745 2942 1930 2998 fraude
1952 2951 2006 2997 et
2026 2942 2217 3013 injuria
2236 2951 2290 2998 et
2311 2945 2514 3013 rapina,
2541 2960 2672 3016 quas
2694 2945 2760 3000 ad
2783 2955 2832 3001 te
2853 2947 3096 3017 expando
3116 2963 3329 3013 manus,
3355 2961 3503 3017 quam
3522 2942 3763 3000 immaculata

585 3040 726 3094 labia
754 3047 810 3094 et
835 3038 903 3094 ab
930 3038 1076 3092 omni
1108 3035 1388 3092 mendacio
1426 3035 1618 3102 libera,
1646 3034 1839 3105 quibus
1870 3035 1982 3100 tibi,
2012 3042 2070 3088 ut
2095 3035 2225 3090 mihi
2254 3036 2576 3101 miserearis,
2611 3053 2798 3107 preces
2827 3037 3030 3106 fundo;
3067 3057 3086 3092 ι
3119 3039 3212 3094 illa
3244 3041 3357 3110 ipsa
3384 3039 3533 3095 verba
3554 3044 3672 3099 sunt,
3692 3045 3763 3103 qua:

594 3132 645 3184 in
675 3131 810 3185 libro
840 3131 1035 3200 Pelagii
1067 3129 1133 3182 ad
1164 3128 1375 3183 viduam
1406 3127 1696 3194 exstitisse,
1727 3136 1952 3183 testatur
1981 3127 2311 3199 Augustinus
2339 3128 2390 3183 in
2419 3130 2555 3185 libro
2584 3129 2651 3186 de
2675 3129 2853 3186 Gestis
2883 3131 3100 3202 Pelagii,
3127 3147 3252 3204 cap.
3286 3133 3340 3198 6,
3374 3147 3560 3188 necnon
3587 3130 3764 3195 Hierony-

582 3242 701 3280 mus
731 3226 786 3279 in
819 3225 974 3279 tertio
1005 3224 1344 3294 Dialogorum
1374 3222 1510 3278 libro
1533 3263 1549 3290 ,
1590 3222 1682 3278 ubi
1715 3222 1778 3276 iis
1808 3222 1984 3277 verbis
2015 3221 2248 3278 recitatis
2274 3223 2541 3278 exclamat
2566 3240 2579 3278 :
2612 3242 2629 3276 ‹
2661 3223 2949 3280 Christiani
2978 3235 3061 3282 est
3087 3225 3209 3282 haec
3231 3269 3246 3293 ,
3285 3243 3353 3282 an
3395 3225 3614 3282 Pharismi
3643 3235 3764 3290 super-

578 3319 774 3375 bientis
819 3317 1034 3373 oratio?
1070 3334 1088 3368 »
1125 3315 1416 3373 Fastidium
1465 3315 1844 3370 Britannorum
1889 3317 2197 3386 episcopum
2240 3315 2498 3373 claruisse
2534 3319 2634 3374 sub
2670 3319 2908 3375 Honorio
2935 3332 2989 3376 et
3018 3319 3328 3378 Theodosio
3369 3319 3649 3392 principibus
3674 3326 3764 3368 anno

581 3412 780 3467 Christi
822 3413 947 3477 420,
989 3411 1203 3481 scripsit
1244 3410 1589 3466 Tritbemius.
1632 3409 1892 3466 Gennadii
1932 3422 2108 3466 autem
2149 3413 2424 3483 exemplar
2464 3411 2789 3471 Corbeiense
2822 3431 2981 3487 supra
3023 3417 3323 3486 laudatum,
3359 3417 3572 3487 episcopi
3606 3409 3760 3472 titulum,

584 3520 743 3575 quem
784 3505 909 3559 editi
939 3504 1171 3558 Fastidio
1202 3504 1472 3570 tribuunt,
1509 3503 1836 3573 adscriptum
1863 3519 1894 3558 a
1925 3505 2092 3574 prima
2123 3520 2284 3561 manu
2311 3523 2419 3562 non
2447 3508 2666 3577 habuit;
2699 3511 2793 3566 sed
2825 3521 2943 3582 post
2970 3529 3155 3569 vocem
3193 3533 3213 3566 ‹
3252 3515 3450 3579 Britto,
3489 3533 3506 3567 ι
3534 3509 3762 3566 additusesl

585 3597 870 3653 recentiori
909 3597 1113 3651 calamo
1150 3615 1168 3648 ι
1206 3595 1507 3665 episcopus.
1547 3615 1566 3647 ι
1597 3595 1813 3650 Librum
1859 3596 2000 3652 hunc
2038 3597 2359 3654 contulimus
2388 3615 2511 3656 cum
2553 3604 2718 3658 veteri
2748 3603 2934 3661 codice
2974 3605 3287 3664 Corbeiensi
3312 3651 3327 3677 ,
3361 3622 3476 3664 cum
3508 3600 3756 3672 Remigianoi

591 3686 928 3752 Michaelino,
961 3686 1231 3742 Victorino
1259 3701 1322 3740 ac
1348 3685 1555 3741 duobus
1579 3685 1904 3750 Sorbonicis,
1936 3697 1989 3742 et
2015 3703 2134 3742 cum
2162 3687 2422 3746 Holstenii
2455 3691 2688 3748 editione
2714 3693 2975 3752 Romana.

1222 3910 1460 4022 DE
1552 3909 2026 4022 VITA
2099 3913 3248 4036 CHRISTIANA

1739 4097 2223 4207 LIBER
2314 4101 2430 4208 Π
2415 4103 2532 4210 Ν
2545 4107 2750 4218 US.

1951 4286 2518 4368 W

661 4454 1066 4538 fluntilisﬂqse
1099 4451 1561 4538 auctorishopinio.
1698 4464 1806 4538 rege,
1827 4455 2188 4538 peccator-{et
2282 4472 2376 4523 re;
2409 4458 2585 4518 adhuc
2614 4463 2918 4538 insnperret
2953 4468 3191 4525 omnium
3235 4470 3492 4538 redarguit
3523 4457 3756 4522 conscienti1

610 3819 3757 3852 ———————-——-———-———————-—-———————_—__—_____.———

589 4531 811 4588 ultimus
831 4569 847 4595 ,
895 4526 1233 4596 insipientior
1253 4519 1480 4596 caeteris,
1504 4532 1558 4576 et
1580 4519 1874 4589 imperitior
1895 4521 2179 4596 universis,

588 4613 642 4657 te
671 4611 728 4655 ut
752 4592 1049 4654 sanctitatis
1074 4605 1129 4650 et
1149 4593 1367 4664 justitize
1396 4592 1534 4645 viam
1566 4606 1756 4660 pergas
1777 4632 1792 4654 ,
1824 4592 2183 4664 crebrioribus

591 4673 817 4727 audeam
850 4668 1042 4724 litteris
1080 4662 1402 4730 admonere,
1445 4678 1549 4716 non
1578 4676 1665 4714 me
1701 4662 1926 4731 propriae
1961 4666 2183 4731 justitize
2206 4711 2222 4721 .

591 4742 783 4796 iiducia
809 4783 824 4806 ,
870 4755 974 4794 non
1014 4736 1290 4807 sapientia:
1319 4733 1505 4807 peritia
1530 4773 1547 4799 ,
1577 4747 1681 4807 non
1713 4733 1950 4787 scientiae
1978 4735 2141 4804 gloria
2163 4779 2178 4804 ,

591 4813 683 4866 sed
715 4803 826 4864 sola
859 4825 1017 4880 quam
1049 4803 1339 4864 secundum
1365 4805 1529 4859 Deum
1553 4803 1732 4880 animo
1759 4817 1821 4856 ac
1850 4803 2027 4860 mente
2049 4803 2182 4861 con-

590 4881 741 4948 cepi,
769 4874 1045 4934 oliui-italis
1073 4890 1174 4933 ture
1203 4892 1361 4948 causa
1387 4874 1660 4948 compellit
1687 4889 1845 4948 aqua:
1872 4891 1955 4928 me
1988 4892 2180 4945 pecca-

595 4945 764 5008 torem
796 4960 849 5004 et
879 4951 1118 5020 ignarum
1147 4991 1162 5014 ,
1193 4947 1261 5020 ad
1291 4945 1571 5020 dicendum
1603 4945 1672 4999 ita
1703 4945 1942 5000 hortatur
1969 4958 2021 5000 et
2053 4963 2181 5016 pro-

594 5030 770 5086 vocat,
822 5029 878 5073 nt
906 5019 1041 5074 cum
1090 5019 1235 5087 loqui
1278 5019 1533 5083 nesciam,
1580 5026 1758 5071 tacere
1801 5031 1904 5070 non
1952 5021 2176 5087 possim.

593 5092 800 5146 Vellem
832 5091 1006 5159 itaque
1033 5098 1085 5141 et
1123 5089 1350 5143 libenter
1372 5096 1612 5159 optarem
1636 5128 1650 5151 ,
1685 5095 1735 5159 te
1763 5100 1950 5142 eorum
1981 5089 2182 5144 habere

591 5164 832 5219 notitiam
857 5157 1084 5231 quorum
1111 5167 1164 5213 et
1184 5157 1440 5231 sapientia
1460 5157 1763 5231 afﬂuentior
1787 5167 1889 5231 est,
1919 5168 1970 5213 et
1998 5159 2181 5214 facun-

590 5236 677 5291 dia
706 5228 894 5303 major,
924 5243 978 5286 et
1004 5229 1222 5303 scientia
1251 5230 1486 5303 uberior,
1514 5239 1566 5284 et
1589 5228 1911 5303 conscientia
1931 5231 2008 5303 ab
2031 5231 2178 5286 omni

592 5299 930 5378 peccatorum
970 5299 1286 5378 contagione
1331 5299 1580 5378 liberior,
1614 5301 1704 5369 qui
1745 5309 1794 5356 te
1831 5301 2009 5356 verbis
2034 5303 2178 5378 juste

593 5369 921 5433 instruerent
949 5382 1003 5428 et
1031 5369 1311 5440 exemplis.
1341 5369 1450 5424 Nos
1479 5372 1620 5426 enim
1651 5382 2000 5441 prmterquam
2034 5369 2178 5441 quod

591 5459 827 5505 mentem
859 5455 1096 5500 nostrain
1127 5443 1199 5497 ita
1229 5442 1548 5511 insipientia).
1577 5453 1630 5497 et
1662 5443 1973 5512 ignorantiae
2005 5444 2178 5513 caligo

587 5521 826 5585 caecavit,
856 5525 915 5572 ut
940 5516 1178 5572 divinum
1213 5513 1413 5584 aliquid
1439 5524 1670 5584 nequeat
1692 5515 1891 5568 sentire
1917 5515 2000 5568 vel
2027 5513 2178 5569 dice-

650 5661 667 5692 ί
699 5656 922 5730 rediture
941 5655 1143 5720 addant,
1160 5652 1510 5720 primuspun
1531 5652 1688 5716 abest,
1712 5665 1743 5705 a
1773 5659 1882 5704 Mss.
1906 5656 1960 5704 et
1982 5650 2046 5702 ab
2063 5648 2175 5702 Hol-

585 5722 733 5774 stenii
757 5720 992 5771 editione.

2288 4540 2626 4610 peccatorum
2653 4575 2668 4600 ,
2698 4536 2937 4610 utetiam
2968 4539 3013 4594 si
3043 4541 3166 4610 quid
3195 4534 3412 4596 luminis
3428 4540 3570 4610 possit
3593 4534 3754 4590 habere.

2287 4601 2577 4682 abscondat
2603 4622 2624 4682 ε.
2646 4616 2702 4661 et
2730 4607 2811 4682 ita
2831 4606 2890 4663 ﬁt
2915 4619 2972 4664 ut
3000 4601 3350 4682 praeterquam
3378 4601 3504 4681 quod
3529 4607 3753 4682 dicerf3_l_1“"

2287 4669 2546 4749 habSimus
2564 4715 2580 4739 ,
2611 4675 2713 4732 hoc
2743 4679 2900 4734 etiam
2929 4669 3070 4749 quod
3099 4669 3507 4744 habémusfnon
3533 4674 3754 4749 ﬁguraliter

2289 4743 2525 4822 proferre
2546 4749 2879 4822 conscientia
2907 4743 3221 4820 prohibente
3262 4753 3524 4822 possimus.
3554 4745 3616 4800 Tu
3638 4755 3749 4822 lauit!"

2285 4811 2410 4896 dum
2449 4817 2667 4896 peritior
2699 4819 2788 4874 tibi
2815 4811 3073 4896 apparere
3108 4811 3275 4891 possit
3302 4836 3352 4878 et
3383 4822 3580 4881 melior,
3606 4814 3751 4896 mdiims

2284 4882 2739 4966 admonitionibus
2768 4882 2964 4966 nostris
2990 4882 3199 4948 interim
3224 4903 3336 4949 esto
3360 4898 3594 4966 contenta.
3618 4897 3658 4965 ei
3674 4882 3752 4966 ulla;

2287 4955 2426 5030 ritati
2467 4957 2534 5010 da
2565 4960 2773 5014 veniam
2796 4977 2810 5024 ;
2839 4963 2991 5030 cujus
3017 4973 3100 5019 est
3124 4980 3229 5020 non
3259 4965 3569 5019 considerare
3592 4956 3684 5026 quid
3706 4951 3752 5030 0i;

2285 5024 2421 5105 {erat
2440 5069 2453 5091 ,
2486 5043 2586 5105 nec
2614 5017 2887 5105 quodnon
2903 5017 3076 5090 'habet
3089 5017 3105 5099 ν,
3125 5017 3362 5105 niuei-it;
3393 5032 3475 5088 sed
3504 5017 3638 5085 totum
3661 5017 3750 5105 (μιιῇ

2508 5094 2732 5156 libenter
2763 5102 2999 5185 impertit
3035 5123 3049 5157 :
3080 5094 3323 5185 ad'cuju‘s
3348 5094 3444 5158 non
3473 5094 3751 5185 tam‘

2285 5168 2516 5245 speciem
2535 5211 2551 5236 ,
2580 5166 2926 5245 quamanimi
2953 5178 3158 5245 respice
3185 5166 3504 5237 voluntatem.
3530 5179 3575 5225 εί
3594 5166 3748 5245 ἀίξίεεηῖ

2285 5246 2366 5317 ter
2395 5239 2613 5317 adverte
2635 5243 2762 5317 quid
2803 5245 2896 5317 tibi
2927 5245 3024 5317 illa
3043 5239 3257 5317 'negare
3286 5245 3461 5316 poterit
3479 5284 3493 5306 ,
3520 5254 3616 5317 (ιμω
3638 5243 3748 5317 1011ψῖ

2283 5309 2411 5365 dare
2446 5295 2895 5385 potuitj‘mquo—d—
3507 5295 3633 5385 eiiqlll
3657 5295 3748 5385 (ΝΞ

2283 5399 2388 5459 non
2424 5367 2674 5459 habebat
2723 5367 2766 5440 si
2794 5367 3021 5455 «posset,
3035 5367 3195 5459 "quin
3222 5367 3609 5459 'totutnpollli'
3656 5367 3746 5459 ΦΨ

2282 5455 2511 5510 habebat
2576 5457 2770 5512 offerre
2813 5450 2854 5511 ί.
2897 5450 3019 5516 Sitit
3087 5450 3258 5530 itaque
3307 5458 3422 5524 ille,
3467 5450 3544 5509 sed
3586 5454 3745 5517 parm":

2344 5585 2362 5617 ⁸
2397 5585 2536 5646 Editi,
2559 5584 2720 5636 voluit.
3562 5633 3572 5644 ι

2344 5649 2593 5723 uaeas-ss
2621 5656 2675 5723 με
2694 5647 2968 5723 Homeri“?
2983 5653 3165 5723 κρατέω
3176 5645 3307 5723 dedit
3326 5641 3438 5708 quod
3464 5637 3588 5705 ww
3602 5626 3734 5692 ωτιπι

2283 5710 2403 5763 miti
2424 5711 2534 5773 alii,
2565 5719 2714 5764 totum
2735 5711 2864 5775 quod
2881 5710 3031 5776 potuit
3047 5709 3307 5776 on‘errebat.
