3842 6266
101 300 210 364 lim

99 415 212 480 dem,
240 411 286 466 in
324 405 527 480 vigiliis,
561 404 615 464 in
636 402 902 480 jejuniis,
935 402 985 460 in
1017 400 1348 480 oratiopibns
1369 407 1618 480 constan-

100 497 160 539 ter
181 470 445 536 Sireitttain.
481 470 548 528 Da
578 470 744 528 etiam
777 475 825 526 in
857 470 1263 526 manSnelndine
1287 470 1616 526 moderatum

97 567 349 610 sermonem
375 589 390 612 ,
418 546 636 615 adipisci
663 545 965 608 silentium;
1001 553 1057 596 ιιι
1099 545 1282 610 loquar
1311 541 1461 615 quod
1473 556 1618 615 con-3

98 627 236 686 decet,
268 610 458 676 taceam
487 610 628 690 quod
658 616 798 685 loqui
827 631 934 690 nun
963 622 1212 690 oportet:
1243 614 1326 690 vel
1359 610 1620 690 qoidqtiid

97 712 144 749 ex
166 683 387 746 virtutum
435 683 688 742 fructibus
729 683 974 748 conferre
1016 684 1338 753 dignaberis.
1372 683 1462 753 Da
1502 683 1619 738 sine

97 766 238 832 aliquo
263 775 445 832 errore,
477 755 867 832 immaculatum
912 755 1007 810 tibi
1054 752 1271 832 servare
1293 752 1470 832 ﬁdem
1496 795 1511 817 ,
1565 762 1618 807 et

93 823 207 904 jnxia
232 832 372 886 fidem
398 829 551 894 digna
584 830 601 858 ¹
623 842 743 904 esse
782 840 941 894 Opera
973 839 1089 879 mea
1121 843 1130 877 :
1160 835 1216 877 ut
1233 823 1393 904 fidem
1419 833 1617 904 rectam

95 895 220 972 opere
241 915 394 970 pravo
419 915 524 954 non
553 898 820 972 polluant;
849 908 902 972 et
926 905 976 951 te
996 937 1010 960 ,
1043 911 1200 972 quam
1233 896 1370 949 bene
1393 895 1620 949 creden-

95 965 146 1032 do
185 965 447 1040 confiteor,
488 965 626 1040 male
683 965 911 1022 vivendo
959 982 1066 1020 non
1113 966 1419 1040 denegem;
1471 975 1532 1040 et
1567 973 1620 1025 te

94 1061 214 1112 quem
239 1035 443 1112 strenua
474 1035 577 1112 fide
606 1054 802 1112 sequor
827 1047 949 1092 actu
973 1079 984 1098 ,
1009 1035 1342 1108 negligentiae
1367 1035 1618 1103 cperibus

95 1109 174 1168 non
196 1111 457 1166 offendam.
494 1109 599 1162 Fac
645 1125 728 1162 me
759 1110 810 1162 in
851 1115 1036 1161 sancto
1061 1115 1464 1177 conversantem
1487 1120 1618 1177 pro-

95 1187 260 1254 posito,
321 1183 466 1249 sequi
514 1180 813 1254 justitiam,
878 1179 1102 1254 diligere
1150 1176 1614 1254 miserim'irdiaio,

93 1246 236 1306 amare
262 1246 552 1314 veritatem,
586 1249 815 1304 refutare
861 1246 1219 1314 mendacium,
1251 1246 1439 1313 falsum
1485 1247 1619 1300 nihil

93 1323 289 1377 meditari
308 1321 387 1374 vel
419 1319 596 1390 loqui;
630 1330 679 1374 te
709 1317 1070 1373 indesinenter
1094 1317 1300 1381 limere,
1335 1328 1386 1370 te
1415 1332 1614 1390 amare,

94 1406 134 1447 te
155 1394 369 1460 diligere,
396 1403 482 1443 tua
512 1399 780 1458 praecepta
810 1405 1046 1460 servare,
1087 1403 1272 1460 pacem
1296 1389 1618 1460 cumprimi-

94 1465 166 1517 bus
189 1457 290 1516 sine
326 1462 446 1515 dolo
497 1457 730 1514 retinere
757 1461 800 1525 ’,
830 1459 1105 1512 discordes
1142 1459 1256 1511 sine
1283 1457 1619 1521 simulatione

92 1535 138 1586 ad
162 1532 470 1586 concordiam
491 1545 786 1600 provocare
802 1571 817 1595 ,
840 1529 1150 1600 eliaritatem
1173 1527 1377 1600 eunetis
1399 1527 1622 1580 insimu-

92 1604 217 1657 latam
242 1602 422 1657 oll'erre
453 1644 467 1664 ,
495 1598 711 1654 nullum
766 1599 1144 1662 scandalizare,
1204 1598 1333 1652 nulli
1369 1614 1452 1650 me
1478 1615 1615 1665 pra:-

92 1673 217 1734 ferre,
246 1672 329 1726 sed
356 1672 601 1725 omnibus
628 1669 940 1736 inferiorem
968 1668 1230 1737 judicare,
1258 1669 1611 1728 reverentiam

89 1755 128 1797 et
156 1745 379 1796 honorem
424 1758 526 1794 non
561 1749 781 1809 propter
805 1739 1049 1804 timorem
1076 1747 1347 1806 potentum
1370 1778 1383 1799 ,
1426 1737 1521 1792 sed
1547 1739 1617 1792 ob

88 1814 364 1868 Altissimum
413 1811 708 1875 exhibere;
764 1809 1066 1863 senioribus
1124 1809 1523 1870 obedientiam,
1561 1817 1620 1862 et

90 1885 354 1938 charitatem
402 1882 696 1935 amualibus
731 1879 924 1934 oll‘erre
949 1878 1009 1950 ⁸;Δ
1032 1879 1258 1950 gratiam
1305 1886 1617 1948 Opportuna:

89 1954 341 2007 dilectionis
359 1952 662 2021 junioribus
691 1950 972 2002 ostendere
997 1947 1295 2021 fraterna
1318 1947 1479 2021 onera
1501 1950 1617 2001 sive

92 2025 277 2090 perieula
305 2019 671 2091 :rquanitniter
699 2021 961 2073 sustinere
994 2019 1035 2072 δε
1067 2020 1274 2091 cunctis
1312 2019 1467 2091 simul
1498 2035 1618 2091 pro-

89 2089 244 2160 desse,
295 2089 392 2146 non
434 2093 663 2156 obesse;
696 2091 827 2143 nulli
865 2104 1100 2160 nocere,
1153 2090 1278 2142 nulli
1307 2089 1613 2160 adversari,

90 2166 254 2218 nullum
284 2163 610 2225 calumniari,
645 2162 769 2213 nulli
800 2159 1175 2213 offendicnlum
1210 2175 1406 2226 ponere
1429 2201 1443 2226 ,
1493 2159 1614 2212 nul-

91 2234 172 2288 lum
192 2234 430 2303 judicare,
465 2234 594 2286 nulli
622 2231 929 2303 detrahere,
955 2231 1082 2283 nulli
1115 2229 1421 2303 injtiriosam
1446 2243 1571 2303 esse
1598 2271 1613 2298 ,

91 2301 247 2358 nullius
297 2320 512 2371 carpere
556 2303 720 2354 vitam
741 2341 757 2367 ,
791 2301 986 2355 nullius
1017 2302 1295 2367 explorare
1324 2301 1567 2355 semitam
1598 2316 1612 2366 ;

91 2375 160 2427 sed
185 2375 243 2430 de
270 2391 348 2428 ine
373 2374 482 2443 ipsa
538 2380 760 2443 tantum
795 2386 921 2443 esse
942 2371 1221 2443 sollicitam
1249 2387 1262 2422 :
1296 2371 1492 2423 malum
1521 2385 1616 2438 pro

89 2445 199 2498 malo
221 2441 536 2514 nequaquam
561 2441 881 2510 rependere,
912 2441 1221 2514 iniuriarum
1254 2455 1488 2514 meat-inn
1521 2455 1618 2514 nec

90 2511 334 2571 memorem
356 2511 472 2569 esse
499 2515 785 2576 ullatenus,
817 2528 917 2566 nec
946 2511 1242 2573 vindicem;
1273 2511 1364 2565 sed
1393 2513 1444 2564 in
1472 2511 1615 2564 omni

90 2582 280 2640 bonitate
315 2600 564 2653 superare
589 2583 846 2637 malitiam
881 2581 1253 2653 :maledicenti
1288 2581 1616 2635 benedictio-

90 2668 181 2707 nem
206 2652 415 2726 parare’,
443 2655 807 2726 inimicorum
833 2653 1063 2726 amicum
1107 2652 1348 2721 diligere,
1380 2653 1618 2726 convicia

90 2734 128 2780 et
149 2721 466 2780 contumelias
485 2723 833 2779 irascentium
859 2723 1143 2784 sustinere,
1168 2737 1273 2776 non
1302 2721 1616 2790 rependere,

90 2792 271 2862 injurias
307 2797 408 2850 cito
435 2795 718 2860 oblivisci,
747 2792 995 2847 oﬂ‘ensori
1027 2807 1146 2846 meo
1187 2794 1463 2862 ignoscere
1487 2833 1500 2855 ,
1552 2791 1619 2845 ad

91 2866 257 2920 veniam
305 2864 698 2921 concedendam
732 2879 944 2932 semper
975 2873 1210 2931 paratam
1261 2877 1416 2917 esse:
1450 2864 1622 2916 aliena

91 2949 172 2988 non
207 2938 594 3005 concupiscere,
647 2948 754 3005 nec
799 2933 1083 3005 occasione
1108 2933 1344 3002 qualibet
1373 2934 1620 2996 auferre;

89 3019 178 3058 mea
205 3023 318 3063 vero
366 3004 470 3062 non
521 3004 844 3062 habentibus
889 3004 1304 3064 misericorditer
1349 3017 1622 3072 erogare:

90 3075 200 3142 apud
223 3092 298 3132 me
324 3087 535 3147 propter
563 3085 640 3147 te,
671 3076 763 3147 qui
789 3074 1060 3147 redemisti
1087 3089 1173 3129 me
1199 3115 1212 3138 ,
1243 3074 1475 3128 retinere
1499 3088 1623 3147 c_Sll-

90 3149 303 3211 rientem,
325 3143 644 3203 "et'deinde
674 3143 896 3199 reficere
917 3185 930 3203 .
964 3144 1232 3198 sitientem
1279 3153 1482 3212 potare,
1531 3143 1627 3196 ho—

90 3215 243 3281 spitem
265 3219 530 3288 colligere,
557 3215 759 3270 nudum
792 3212 1025 3288 operire,
1057 3216 1271 3288 visitare
1296 3214 1621 3288 languidum,

90 3289 316 3354 requirere
343 3285 683 3344 carceratum
706 3327 718 3348 ,
751 3287 1018 3339 consolari
1048 3286 1251 3339 tristem
1280 3326 1292 3346 ,
1327 3285 1524 3339 afflicto
1574 3292 1627 3338 et

91 3355 249 3427 Ingenti
295 3361 548 3427 eompati,
582 3374 702 3427 non
729 3356 943 3410 babenti
990 3355 1228 3424 praebere
1276 3357 1622 3427 necessaria,

91 3426 249 3481 victum
289 3439 340 3484 et
383 3425 638 3484 vestitum
677 3426 918 3482 dividere
970 3441 1091 3480 cum
1139 3441 1348 3494 egeno:
1378 3425 1626 3494 ampiecti

93 3493 367 3564 indigenam,
397 3500 582 3555 fovere
611 3499 987 3563 domesticum,
1020 3493 1202 3550 amare
1239 3493 1574 3567 peregrinum
1607 3536 1621 3561 ,

95 3567 311 3639 redimi-re
336 3572 626 3639 captivum,
665 3569 939 3639 suscipere
958 3567 1215 3639 advenam
1237 3609 1251 3632 ,
1276 3569 1418 3639 tueri
1453 3567 1626 3636 pupil-

91 3633 173 3689 lum
197 3648 244 3692 et
266 3633 557 3710 orphannm
593 3681 608 3704 ,
639 3633 917 3710 suﬂragari
964 3638 1136 3710 vidurc
1158 3633 1491 3710 [subvenire
1528 3633 1627 3706 op-

91 3718 258 3828 piresso,
299 3709 552 3780 praestare
581 3710 839 3764 auxilium
867 3709 1130 3775 desolato,
1157 3709 1492 3778 disrumpere
1519 3710 1629 3762 col-

119 3780 324 3828 ttatiunes
363 3781 653 3828 immutatis
686 3799 698 3828 :
731 3780 816 3828 vel
855 3794 1201 3828 numennmne
1242 3787 1626 3828 nraecenturnm

109 3775 324 3845 igatiornes
363 3781 653 3853 impietatis
686 3799 698 3834 :
731 3780 816 3834 vel
855 3794 1201 3849 quaecumque
1242 3775 1626 3848 praeceptorum

138 3954 246 4031 ἶ
269 3958 583 4031 Celaeneus,
610 3958 824 4031 etiam:
1025 4030 1068 4031 η
1107 4030 1110 4031 ,
1221 4017 1231 4029 .

137 4016 153 4045 '
178 4019 250 4086 [ne
267 4021 447 4072 additur
469 4023 519 4070 in
559 4016 722 4086 editis,
745 4017 958 4074 subditas
979 4030 1071 4068 non
1091 4017 1379 4083 apprimere,
1412 4029 1487 4068 me
1523 4031 1629 4082 pra:

284 4089 576 4142 peccatorem
597 4078 850 4142 inspicere.

137 4137 296 4206 '“Editi
311 4144 501 4205 addunt,
539 4137 832 4206 principibus
865 4147 912 4191 et
930 4141 1252 4206 potestatibus
1285 4139 1557 4192 chrismatis
1577 4138 1629 4192 in

91 4196 193 4266 nullo
212 4203 433 4266 resistere,
466 4196 555 4256 sed
582 4205 632 4254 in
653 4196 866 4254 omnibus
892 4196 1236 4266 obtemperare.

137 4259 156 4329 ξ
184 4268 363 4315 Rursum
384 4259 462 4316 hic
485 4267 625 4329 editi,
649 4272 899 4329 patermim
920 4259 1139 4329 effectum
1159 4269 1442 4329 monstrare.

139 4321 156 4395 ἒ
181 4329 283 4395 Tum
303 4329 440 4395 etiam
458 4321 619 4388 isthic,
642 4321 850 4395 amicum
866 4321 988 4376 velut
1003 4326 1215 4378 animum
1234 4340 1390 4378 nteant
1407 4324 1628 4389 diligere,

92 4387 322 4440 Frontinum
340 4389 460 4440 sicut
480 4387 812 4451 memetipsum
831 4402 1012 4440 amare.

900 288 1273 346 ADMONITIO
1313 287 1378 344 IN
1417 285 1965 355 SUBSEQUENTEM
2003 291 2449 350 TRACTATUM.

3164 293 3307 356 1078

1722 407 1932 474 tuorum
1959 400 2276 474 documenta
2321 403 2595 473 declarant
2615 444 2637 474 ,_
2659 404 2938 474 diligenter
2964 407 3188 462 credere
3239 417 3299 464 et

1724 469 1927 544 audire,
1959 467 2207 540 ardenter
2242 467 2595 544 investigare,
2618 467 2917 544 prudenter
2955 477 3112 535 seire,
3147 475 3298 533 festi-

1724 539 1915 610 nanter
1941 555 2213 607 exercere,
2244 539 2877 610 desideranter—implere
2897 584 2913 610 ,
2943 557 2992 599 et
3024 562 3200 601 corum
3248 559 3295 606 te

1735 611 1992 684 humilem
2010 627 2222 680 semper
2251 614 2483 667 existere
2515 639 2528 667 ;
2560 623 2618 666 ut
2645 627 2878 682 surgam,
2910 629 3014 668 non
3045 618 3293 684 dejii-iar:

1724 682 1931 750 erigar,
1969 698 2083 751 non
2110 685 2372 748 subrnar;
2403 684 2687 750 ascendam
2713 724 2729 748 ,
2783 700 2886 738 non
2927 682 3245 742 descendam
3282 682 3291 720 έ

1723 753 1843 827 quia
1874 767 2019 819 caro,
2042 769 2161 807 eum
2210 770 2313 824 qua
2339 753 2597 827 inhabitu,
2631 770 2839 827 semper
2865 755 3060 827 dueere
3082 772 3166 810 ine
3187 761 3288 814 vult

1724 821 1790 892 ad
1814 831 2122 891 peccatum;
2150 821 2358 878 meeum
2388 825 2501 879 vult
2523 821 2803 892 coronari,
2835 825 2928 880 sed
2950 838 3052 879 non
3082 840 3292 884 mecum

1725 891 2015 966 decertare.
2047 893 2507 966 Nullum-peiorem
2531 896 2701 964 patior
2721 891 2925 950 hostem
2946 935 2961 960 ,
2991 910 3148 966 quam
3177 912 3294 951 cor—

1723 978 1835 1044 pns‘
1859 964 1908 1016 in
1961 980 2068 1032 quo
2099 965 2484 1044 inhabito.ﬂl£st
2511 969 2652 1020 enim
2693 967 2842 1044 quasi
2872 967 2958 1031 leo
3007 964 3289 1044 subversor

1725 1027 1776 1086 in
1806 1027 2130 1106 domo—mea,
2171 1027 2399 1106 nudiun
2433 1053 2525 1106 me
2573 1027 2824 1106 pestifero
2875 1027 3054 1091 morsu
3100 1037 3288 1092 dilace-

1723 1103 1890 1176 rando
1911 1119 2249 1176 consumens.
2279 1105 2401 1160 Ideo
2432 1103 2589 1176 longa
2618 1107 2832 1161 trahens
2859 1108 3082 1176 suSpirizi
3106 1109 3296 1162 clami-

1725 1175 1888 1227 tando
1921 1175 2092 1228 dicam
2123 1193 2135 1226 :
2171 1175 2365 1246 Infelix
2382 1193 2473 1246 ego
2493 1175 2662 1239 hamo,
2701 1176 2814 1246 qt'iis
2852 1193 2931 1230 me
2967 1179 3194 1232 liberabit
3237 1181 3306 1234 de

1723 1246 2150 1316 corporemiortis
2189 1247 2387 1316 hujus?
2427 1245 2602 1308 Gratia
2663 1245 2778 1302 Dei.
2823 1249 2921 1304 Per
2963 1264 3121 1316 quem
3145 1250 3168 1302 ?
3195 1249 3300 1303 Per

1723 1313 1900 1385 {esurit
1923 1314 2174 1368 Christum
2203 1313 2476 1370 Dominum
2499 1329 2722 1370 nostrum
2744 1319 2920 1385 (Rom.
2943 1313 3038 1384 vit,
3060 1317 3152 1385 24,
3183 1317 3297 1382 25).

1724 1384 2056 1458 Hznc_velim,
2087 1400 2121 1440 0
2150 1387 2272 1440 Iesu
2322 1388 2564 1442 Salvator
2609 1384 2764 1451 bone,
2796 1390 3122 1458 Redemptor
3141 1384 3288 1457 epti-

1724 1470 1830 1518 tne,
1863 1455 1976 1514 haec
2007 1458 2162 1511 velim
2192 1473 2310 1525 quae
2339 1459 2442 1511 huc
2475 1473 2640 1528 usque
2665 1475 2804 1512 nunc
2829 1455 3173 1528 supplicando
3190 1455 3292 1514 de—

1725 1534 1933 1599 precata
1956 1540 2111 1599 sum:
2141 1528 2252 1580 lucc
2301 1537 2355 1581 et
2396 1528 2509 1583 haec
2534 1529 2813 1596 deprecor,
2859 1531 2979 1599 quia
3012 1531 3290 1599 pretiosis-

1725 1596 1862 1647 simo
1899 1597 2157 1669 sanguine
2188 1607 2277 1650 tuo
2305 1599 2578 1667 redempta
2611 1614 2723 1652 smn
2754 1619 2767 1654 :
2799 1609 2853 1652 ut
2879 1596 3095 1669 propter
3121 1603 3296 1655 Carnis

1722 1667 2115 1735 corruptionem
2143 1684 2249 1728 non
2270 1684 2480 1738 peream
2504 1671 2558 1730 in
2579 1680 2856 1732 aeternum,
2880 1667 2994 1724 non
3010 1673 3215 1724 veniam
3243 1673 3293 1724 in

1723 1745 1951 1789 mortem
1979 1740 2302 1803 secundam,
2331 1754 2502 1808 neque
2528 1740 2582 1792 in
2613 1750 2806 1794 terrain
2835 1741 3140 1794 oblivionis.
3173 1741 3297 1796 llaec

1726 1821 1826 1858 vox
1845 1822 1963 1860 mea
1995 1808 2046 1861 in
2071 1809 2292 1862 auribus
2307 1809 2685 1863 misericordiae
2707 1819 2810 1863 tua:
2839 1819 3013 1876 sonet,
3043 1819 3100 1863 ut
3128 1819 3293 1875 tttam,

1722 1890 1830 1929 non
1861 1879 2038 1940 carnis
2066 1878 2251 1932 faciam
2297 1882 2656 1945 voluntatem,
2691 1890 2742 1933 et
2771 1882 2946 1934 omnis
2978 1895 3129 1934 meus
3175 1897 3295 1936 mea

1725 1952 1777 1998 te
1807 1946 2111 2008 meditetur.
2144 1957 2194 2001 te
2219 1949 2534 2014 delectetur,
2568 1958 2619 2002 te
2653 1960 2932 2016 sequatur,
2964 1961 3013 2004 te
3039 1953 3297 2005 confitea-

1725 2023 1831 2079 tur,
1854 2018 1975 2085 quia
2007 2019 2318 2072 redimendo
2349 2036 2431 2072 me
2461 2021 2514 2072 in
2543 2029 2798 2072 internum
2825 2020 3182 2073 misericordia
3211 2031 3296 2074 tua

1723 2094 1902 2158 es_t,get
1932 2088 1982 2139 in
2023 2099 2107 2141 tua
2137 2089 2500 2143 miserieordia
2555 2090 2718 2144 revixi
2768 2090 2970 2158 perdita
3015 2091 3246 2157 peccatis
3279 2093 3296 2122 ί

1723 2155 2096 2218 adolescentia)
2128 2175 2280 2226 ηιθιιξ,
2311 2160 2463 2229 elegi
2490 2155 2851 2228 paenitentiam
2879 2155 3055 2215 eorum
3075 2160 3296 2229 tezquia

1723 2229 1944 2279 servasti
1979 2229 2105 2281 milii
2151 2239 2358 2296 tempus
2387 2231 2775 2297 Conversionis,
2803 2245 2920 2300 quin
2953 2231 3299 2286 considerans

1724 2306 1939 2370 peccata
1964 2314 2078 2352 mea
2099 2308 2413 2368 cumpnncta
2442 2315 2578 2361 sum.
2605 2312 2659 2355 et
2682 2311 2732 2370 te
2756 2300 3046 2366 inSpirante
3073 2301 3154 2370 egi
3180 2315 3296 2370 pae-

1722 2366 1997 2420 nitentiam
2029 2384 2208 2423 coram
2225 2366 2308 2424 te.
2337 2371 2478 2424 Laeta
2496 2371 2605 2438 jam
2640 2369 2762 2425 inde
2786 2369 2876 2423 tibi
2916 2387 3054 2423 nunc
3079 2366 3133 2425 ei
3158 2366 3298 2426 :em-

1724 2452 1819 2504 per
1848 2439 2151 2512 innumeras
2184 2441 2380 2510 gratias
2411 2440 2622 2512 referor;
2656 2441 2778 2512 quia
2811 2449 2868 2512 ut
2895 2441 3191 2494 invenirem
3217 2451 3289 2508 te,

1724 2516 1777 2579 tu
1812 2508 1954 2575 prius
1982 2508 2216 2577 quaesisti
2258 2524 2380 2575 me;
2415 2521 2469 2562 ιιι
2515 2508 2744 2564 redirem
2771 2509 2834 2563 ad
2867 2519 2939 2576 te,
2987 2519 3039 2564 tu
3076 2526 3301 2579 compu—

1722 2576 1856 2650 listi,
1883 2587 1937 2630 ut
1965 2576 2277 2632 verberarer
2295 2581 2316 2611 ²
2338 2589 2390 2633 ιιι
2420 2581 2556 2633 sicut
2579 2585 2691 2649 pius
2717 2589 2868 2650 pater
2896 2582 3172 2648 reSpexisti
3198 2576 3212 2646 ξ
3245 2591 3302 2636 ut

1723 2647 2006 2722 confiterer
2033 2690 2047 2712 ,
2103 2659 2273 2722 lues
2293 2647 2588 2722 operatus;
2620 2659 2672 2704 et
2704 2647 2786 2722 ιὶιΔ
2806 2647 3304 2722 mei-eeognoscens

1727 2717 2052 2792 plangerem,
2078 2725 2132 2772 tu
2159 2717 2348 2774 dedisti
2376 2721 2526 2792 mild.
2555 2719 2718 2792 Pone,
2743 2720 3005 2792 Domine,
3040 2717 3303 2792 facrymas

1727 2803 1874 2862 meas
1905 2790 1954 2842 in
1981 2801 2271 2862 conspectu
2295 2799 2384 2862 tuo
2417 2790 2586 2862 (Psal.
2618 2806 2699 2862 tv,
2733 2789 2815 2862 9),
2845 2798 2900 2845 et
2935 2789 3204 2860 perveniat
3235 2792 3303 2846 ad

1731 2866 1781 2911 te
1805 2859 1856 2911 in
1893 2859 2085 2914 malum
2113 2859 2578 2928 deprecatio'mea.
2617 2859 2837 2926 Adesto,
2865 2859 3070 2930 precor,
3103 2870 3156 2916 et
3177 2863 3304 2916 sab-

1731 2929 1890 2994 veni,
1924 2941 2081 2998 atque
2121 2931 2174 2984 in
2205 2933 2448 2986 manibus
2486 2932 2590 2985 tuis
2636 2929 3058 2986 commendatam
3087 2931 3178 2986 tibi
3221 2947 3307 2988 me

1734 2999 1903 3067 ipsam
1927 3002 2155 3068 suscipe,
2191 3000 2422 3056 liberans
2451 3017 2536 3056 me
2574 3002 2641 3055 de
2666 3018 2759 3056 ore
2785 3001 3062 3056 suavissimi
3107 3002 3301 3056 draco-

1732 3070 1837 3134 nis,
1871 3078 1925 3124 et
1953 3071 2020 3125 dc
2051 3087 2208 3125 manu
2249 3073 2566 3127 atrocissimi
2614 3072 2824 3126 inferni.
2873 3072 3004 3125 Cum
3037 3074 3306 3134 acceperis

1733 3156 1838 3205 me,
1864 3151 1917 3195 et
1937 3140 2147 3196 auferes
2172 3143 2237 3196 de
2259 3143 2432 3197 medio
2459 3143 2658 3196 umbrat
2687 3143 2871 3197 mortis
2897 3161 2909 3196 :
2941 3143 3047 3195 imo
3074 3140 3308 3198 dedoces

1733 3213 1783 3265 in
1816 3215 2058 3266 semitam
2096 3214 2258 3277 lucis,
2302 3214 2352 3267 in
2406 3214 2756 3270 clarissimam
2805 3212 3071 3281 regionem
3121 3214 3308 3268 viven-

1733 3283 1883 3336 tium.
1920 3283 2133 3337 Colloca
2176 3298 2261 3337 me
2299 3284 2351 3336 in
2397 3285 2562 3336 caulis
2616 3284 2892 3336 tulissimis
2929 3298 3146 3352 gregum
3192 3295 3310 3337 tuo-

1731 3368 1884 3414 rum;
1917 3355 2037 3422 quia
2061 3363 2114 3406 tu
2137 3369 2194 3406 es
2222 3363 2400 3422 pastor
2429 3355 2618 3417 bonus,
2651 3354 2741 3424 qui
2767 3354 2992 3424 requiris
3022 3365 3074 3407 et
3095 3355 3308 3410 reducis

1735 3424 1959 3493 perdita,
1996 3424 2159 3478 tueris
2185 3431 2240 3479 et
2269 3426 2442 3478 salvas
2475 3426 2686 3479 inventa
2713 3467 2728 3489 ,
2755 3423 2903 3479 foves
2932 3431 2986 3477 et
3011 3440 3170 3478 sanas
3197 3427 3310 3478 lan-

1731 3495 1966 3563 guentia.
1994 3495 2060 3548 Et
2095 3505 2145 3548 tu
2177 3509 2237 3549 es
2279 3497 2550 3550 miScriors
2582 3496 2836 3549 Dominus
2859 3538 2875 3561 ,
2915 3496 3002 3563 qni
3031 3507 3309 3563 sperantes

1733 3565 1785 3618 in
1818 3573 1870 3619 te
1895 3579 2000 3619 non
2033 3565 2332 3631 confundis,
2363 3568 2696 3634 requirentes
2727 3576 2778 3621 te
2818 3580 2920 3619 non
2947 3565 3272 3635 derelinquis
3292 3606 3312 3633 ,

1733 3644 2064 3690 revertentes
2094 3635 2160 3689 ad
2203 3645 2252 3690 te
2282 3653 2386 3690 non
2416 3638 2658 3706 respuis;
2686 3636 2777 3691 sed
2809 3637 3096 3690 exultando
3122 3646 3175 3690 et
3203 3639 3316 3690 lau-

1734 3706 1910 3760 dando
1938 3707 2183 3775 suscipis,
2215 3717 2373 3776 atque
2400 3710 2450 3760 in
2479 3717 2677 3761 aeterna
2703 3707 3028 3761 beatitudine
3053 3722 3153 3760 una
3183 3722 3310 3761 cum

1733 3779 1933 3831 sanctis
1974 3786 2028 3831 et
2062 3777 2246 3831 electis
2287 3778 2390 3832 tuis
2410 3779 2740 3832 aeternaliter
2770 3792 2993 3846 regnare
3021 3778 3311 3832 concedis:

1773 3849 1853 3901 uia
1886 3856 1967 3902 est
1998 3847 2089 3901 tibi
2119 3863 2236 3901 cum
2262 3856 2464 3901 aeterno
2497 3847 2656 3902 Patre
2683 3856 2736 3902 et
2769 3848 2967 3916 Spiritu
2995 3857 3180 3902 sancto
3204 3861 3309 3900 una

1773 3920 1927 3981 eitas,
1960 3919 2150 3987 gloria,
2175 3918 2360 3986 virtus,
2395 3917 2675 3986 imperium
2703 3928 2757 3973 et
2775 3925 3015 3987 potestas
3040 3919 3093 3972 in
3115 3916 3313 3972 saecula

1735 3989 2072 4042 saeculorum.
2096 3991 2287 4042 Amen.

1799 4267 1816 4296 ί
1852 4235 1969 4336 editi
1992 4271 2044 4315 et
2064 4272 2145 4314 MS.
2172 4264 2311 4336 vice,
2335 4263 2491 4314 restas
2511 4261 2720 4336 perdita.
2742 4267 2788 4314 et
2809 4263 3006 4315 surrexi
3031 4277 3062 4314 a
3094 4267 3314 4329 mortuis,

1735 4325 1958 4392 qucum
1978 4321 2239 4392 segregastl
2253 4321 2335 4392 inte
2352 4337 2384 4376 a
2405 4321 2631 4390 peccatis.

1799 4391 1818 4420 ³
1850 4395 1918 4439 ita
1939 4389 2045 4440 Mss.
2069 4389 2132 4438 At'
2147 4389 2285 4450 editi,
2298 4389 2506 4439 vererer.

312 4573 485 4622 haud
497 4575 554 4644 in
573 4573 831 4644 superiore
852 4572 978 4644 libro
998 4575 1157 4624 minus
1173 4574 1398 4626 dissentit
1419 4587 1448 4625 a
1472 4582 1599 4638 Mss,
1630 4589 1794 4641 neque
1817 4577 1895 4627 hic
1916 4577 2183 4636 indicantur
2205 4591 2233 4630 a
2250 4579 2394 4630 nobis
2415 4580 2656 4635 editiones
2675 4578 2780 4628 alite
2798 4591 2941 4643 quam
2960 4592 3071 4644 quae
3089 4593 3153 4631 ex
3178 4588 3322 4631 Lova-

93 4623 295 4680 nicusium
315 4623 650 4699 recognitione
669 4623 969 4698 prodierunt.

807 4993 1262 5057 ADMONITIO
1304 4996 1384 5066 IN
1412 4994 2036 5072 SUBSEQUENTEM
2080 4995 2592 5060 TRACTATUM.

157 5176 284 5244 Initu-
299 5182 545 5256 Cypriani
571 5202 784 5258 quoque
811 5201 976 5257 opera
1003 5187 1242 5257 vulgatus
1262 5195 1344 5241 est
1371 5187 1471 5241 iste
1497 5195 1748 5242 tractatus
1767 5228 1782 5252 ,
1807 5186 2059 5240 auctorita
2071 5196 2119 5240 te
2139 5193 2372 5241 veterum
2405 5188 2605 5260 aliquot
2628 5189 2905 5258 librorum,
2934 5209 3159 5264 quorum
3187 5192 3325 5248 talsa

103 5267 409 5344 inscriptione
432 5280 638 5350 decepti
666 5288 790 5336 sunt
818 5281 1104 5349 scriptores
1131 5280 1352 5349 antiqui,
1380 5281 1466 5349 qui
1497 5294 1619 5334 cum
1644 5279 1860 5334 nomine
1884 5276 2133 5350 (lyp-rimi
2155 5275 2336 5344 citant,
2372 5279 2536 5335 Jonas
2565 5282 2966 5340 Aurelianensis
3004 5284 3055 5339 in
3084 5284 3221 5340 libro
3281 5283 3340 5338 du

103 5357 396 5424 institutione
421 5371 582 5441 regia,
605 5387 722 5443 cap.
753 5371 804 5434 5,
826 5371 877 5428 in
907 5369 1175 5441 Spicilegii
1204 5380 1347 5425 tumo
1390 5372 1458 5437 5;
1503 5371 1613 5437 lvo,
1649 5371 1740 5426 lib.
1772 5370 1824 5434 8,
1857 5378 1911 5424 et
1934 5368 2218 5426 Gratianus
2245 5369 2340 5424 lib.
2382 5371 2454 5427 25
2478 5414 2496 5439 ,
2525 5381 2714 5443 quaest.
2746 5375 2801 5438 5,
2833 5387 2952 5443 cap.
2983 5373 3114 5428 Rex.
3145 5376 3301 5445 Augu

103 5450 219 5508 stino
250 5466 418 5521 autem
456 5465 732 5532 pauciores
776 5464 902 5520 Mss.
936 5463 1213 5529 tribuunt,
1267 5471 1330 5518 ut
1356 5461 1622 5517 recentior
1663 5462 1877 5533 quidam
1935 5460 2260 5518 Victorinus.
2304 5463 2558 5536 Ejusdem
2585 5467 2883 5536 argumenti
2929 5465 3122 5520 librum
3151 5465 3318 5524 edidit

107 5536 406 5618 llincmarus,
439 5553 686 5612 latentem
714 5555 906 5618 adhuc,
941 5553 1038 5610 sed
1058 5554 1123 5609 ab
1152 5553 1254 5608 hoc
1297 5561 1520 5610 tractatu
1554 5554 1713 5626 longe
1751 5551 2105 5610 diﬂerentem.
2141 5554 2294 5611 Patet
2330 5570 2395 5612 ex
2423 5556 2524 5611 illis
2549 5554 2617 5616 de
2649 5557 2762 5628 ipso
2783 5553 3068 5613 Flodoardi
3096 5558 3277 5615 verbis
3299 5601 3315 5627 ,

109 5630 254 5708 “11.3,
297 5658 406 5715 cap.
440 5647 504 5706 l8
529 5653 594 5706 εἰ
629 5647 852 5720 Scripsit
871 5647 1031 5705 etiam
1060 5646 1128 5703 ad
1175 5647 1572 5706 instructionem
1599 5647 1768 5718 ipsius
1789 5647 1929 5718 regis
1957 5647 2024 5703 de
2043 5647 2320 5704 duodecim
2349 5647 2617 5715 Abusivis,
2645 5655 2951 5704 sanctorum
2982 5649 3238 5724 colligens
3278 5653 3329 5707 i.~
