3842 6266
79 276 186 333 “09

77 387 201 442 debet
239 393 440 448 operam
483 375 639 448 dare,
685 372 1025 448 orationibus
1051 367 1591 448 die__noct_uqnc_ipsi-

77 439 215 516 itere,
252 439 292 503 si
319 447 456 516 cupit
481 454 537 499 et
561 447 778 516 laqueos
797 451 851 496 et
876 442 1090 516 insidias
1114 439 1310 516 diaboli
1341 439 1595 516 insidiam

79 509 128 578 tis
158 509 401 580 evadere:
439 525 493 569 et
524 515 586 568 ad
616 509 874 580 promissa
897 511 1205 580 virginitatis
1238 509 1448 576 prmmia
1481 520 1599 580 per-

80 577 542 644 iit-uirenliomiuica
584 577 758 652 virgo,
800 577 1295 652 omnetirfratrem,
1333 591 1489 652 quem
1521 577 1598 628 vi-

78 661 252 715 tantle
277 657 403 710 mala
426 654 561 707 fama
586 648 922 705 commemlat
945 690 960 713 ,
991 650 1145 702 nimis
1171 648 1291 716 fuge
1313 689 1327 708 ,
1355 657 1408 700 et
1428 650 1598 714 quan-

77 744 160 785 tum
193 736 330 795 potes
349 765 362 788 .
405 725 472 777 ab
497 738 560 774 eo
588 723 668 795 vel
699 721 766 772 ab
789 719 904 786 ejus
935 719 1187 795 conviviis
1215 730 1331 770 tuos
1355 730 1602 795 accessus

76 786 258 854 declina.
299 786 565 849 Dominica
615 793 762 859 virgo
806 804 910 842 non
957 790 1184 850 nesciat,
1229 803 1294 859 ex
1325 786 1600 859 convivali

76 853 292 934 colloquio
329 863 619 934 inolescere
649 853 880 934 libidinis
909 859 1031 934 vitia
1056 899 1069 917 ,
1103 865 1157 934 et
1186 853 1469 934 exindead
1497 855 1604 908 for-

78 925 308 992 nicationis
329 933 492 984 veniri
522 939 751 999 peccata.
785 929 1049 999 Dominica
1075 927 1242 999 virgo,
1268 934 1326 999 ut
1349 925 1454 978 cito
1477 939 1606 976 con-

75 1008 278 1070 cludam,
322 1003 388 1055 ab
429 995 675 1055 omnibus
717 995 1458 1070 illecebrisgulm’abstiuens
1484 1007 1604 1048 esse

75 1078 226 1137 debet,
266 1067 319 1126 et
357 1085 516 1140 parco
553 1071 690 1122 victu
717 1068 798 1123 vel
830 1078 951 1135 potu
982 1067 1144 1121 debet
1172 1079 1310 1140 csse_
1315 1070 1564 1140 contenta
1584 1103 1600 1128 ,

76 1157 114 1200 et
151 1133 368 1197 honesta'
390 1140 745 1194 taciturnitate
791 1133 1002 1205 setnper
1040 1143 1245 1188 ornata.
1275 1133 1603 1187 Doutiuicam

77 1215 285 1283 virginem
316 1211 402 1283 Dei
432 1207 742 1283 beneficium
765 1216 844 1262 est
876 1205 1042 1283 irasci
1060 1205 1285 1283 nescire,
1310 1217 1467 1283 nosse
1492 1217 1616 1256 ma-

77 1273 456 1353 gis'iracnndiam
484 1278 762 1353 cohibere,
797 1275 1310 1353 cunctisbeuiguam
1335 1273 1566 1353 existere
1587 1310 1602 1336 ,

77 1340 206 1408 oculis
244 1366 338 1403 non
376 1363 639 1407 annuere,
671 1347 794 1400 dolo
819 1357 870 1398 et
900 1346 1094 1398 malitia
1125 1340 1354 1411 linguam
1388 1356 1492 1394 non
1525 1340 1603 1394 fa-

79 1425 270 1484 bricare,
314 1420 500 1473 aliena:
541 1419 731 1471 domus
778 1426 980 1469 secreta
1031 1429 1127 1468 nec
1173 1413 1473 1484 auscultare
1507 1425 1607 1464 nec

80 1480 291 1559 trudere,
313 1489 583 1541 avaritiam
609 1486 1060 1559 capillitatemque
1086 1483 1265 1559 fugere
1286 1523 1299 1545 ,
1442 1480 1610 1559 depo-

79 1550 152 1615 sita
189 1550 289 1612 non
329 1573 554 1626 negare,
606 1558 654 1608 iu
688 1550 875 1626 usuris
914 1550 1189 1622 pecuniam
1232 1550 1604 1626 uo_n_habere_,_

78 1631 210 1683 sorori
252 1620 452 1697 culpain
497 1643 559 1680 ex
601 1625 761 1697 corde
803 1620 1099 1697 dimittere,
1145 1620 1609 1697 scandalumpt‘illi

80 1714 300 1769 apponere
319 1689 348 1757 ,’
383 1696 645 1769 trilntlatis
687 1694 1113 1769 consolatioueu'i
1150 1692 1418 1769 pnebere,
1461 1689 1608 1743 infir-

82 1761 301 1821 mantibus
337 1768 639 1820 ministrare
660 1805 673 1827 ,
719 1763 1015 1817 detrahenti
1068 1761 1216 1814 alteri
1248 1775 1353 1813 non
1380 1774 1610 1812 consen-

80 1841 176 1899 tire,
211 1837 294 1890 sed
319 1853 344 1886 a
373 1836 705 1889 detractione
731 1849 787 1887 se
817 1833 1020 1900 penitus
1050 1831 1338 1884 abstinere.
1371 1827 1610 1900 Domini-

79 1898 171 1960 cam’
198 1908 439 1976 virginem
487 1907 538 1976 in
577 1904 797 1976 ecclesia
819 1898 1346 1976 cum_s_ilentio_st:_tre
1374 1898 1570 1952 debere
1593 1937 1608 1962 ,

81 1987 124 2029 et
154 1968 433 2041 nihilvlegis
477 1975 674 2028 docere
697 2015 711 2037 ,
746 1968 1060 2040 Apostolqu
1102 1969 1223 2022 audi
1263 1970 1566 2041 loquentem
1599 1985 1611 2021 :

83 2047 276 2098 Mulieres
328 2037 381 2097 iii
435 2045 644 2096 ecclesia
699 2037 894 2095 taceant
951 2057 968 2094 :
1019 2050 1164 2110 turpe
1211 2048 1286 2110 est
1325 2037 1616 2110 mulieribus

83 2117 186 2182 loqui
208 2117 253 2167 in
277 2113 514 2168 ecclesiis.
547 2113 675 2166 Item
702 2113 772 2164 ait
802 2129 814 2162 :
848 2111 1091 2182 Mulieres
1103 2108 1156 2182 iri
1174 2109 1373 2182 silentio
1387 2108 1612 2182 dissoni.

83 2177 180 2237 Item
201 2201 217 2236 :
236 2183 524 2236 Mulieribus
545 2183 722 2236 docere
741 2197 839 2234 non
869 2177 1218 2249 permitto(ld.
1247 2193 1356 2242 xw,
1387 2178 1455 2249 5d
1467 2186 1512 2228 et
1524 2177 1614 2242 55;

85 2253 219 2306 lTim.
242 2255 416 2310 u.llet
434 2252 548 2322 1‘2).
572 2252 628 2304 Si
648 2266 776 2320 ergo
795 2246 1104 2322 mulieribus
1120 2246 1278 2322 iurpe
1297 2257 1381 2301 est
1398 2246 1615 2322 docere,

83 2334 149 2375 ant
163 2327 206 2375 in
221 2323 432 2376 ecclesia
452 2317 620 2390 loqui;
633 2317 829 2390 quanto
842 2317 1299 2388 magisvirginibus
1313 2330 1446 2390 quas
1460 2317 1620 2390 casti-

84 2392 177 2446 tatis
196 2393 296 2446 Deo
321 2385 596 2461 promissae
625 2385 750 2443 cura
788 2385 1146 2461 professioque
1188 2385 1615 2461 consttjngii,_ut

85 2477 152 2515 eas
167 2454 458 2530 magis-alia!
489 2462 542 2513 in
565 2461 717 2513 bonis
741 2454 992 2527 operibus
1018 2454 1324 2530 imitentur?
1349 2454 1616 2530 meiuica

84 2532 198 2599 virgo
223 2524 283 2585 ne
319 2531 443 2599 quid
488 2545 712 2598 pravum
753 2524 843 2582 aut
881 2528 1103 2582 scurrile
1129 2538 1220 2580 aut
1249 2524 1492 2599 simulate
1538 2524 1618 2582 lo,-

84 2594 252 2668 qnatur,
277 2594 508 2654 cturnue
541 2599 870 2654 mendacium
899 2613 968 2668 ex
993 2612 1088 2651 ore
1126 2611 1224 2668 suo
1261 2594 1470 2668 penitus
1498 2609 1621 2668 era-

86 2663 210 2724 dicet.
237 2663 531 2740 Loquentes
565 2671 707 2740 enim
755 2666 1396 2740 mendacium‘Dominus
1414 2663 1617 2740 perdet,

87 2752 127 2790 ut
148 2740 192 2793 in
210 2732 382 2810 quinto
409 2741 618 2810 psalmo
649 2739 912 2810 Davidtet
945 2736 1069 2810 ejus
1089 2735 1229 2810 filius
1257 2734 1480 2810 in_libro
1509 2732 1617 2810 ‘Sa-

87 2801 257 2876 pientis:
278 2801 428 2865 docet
449 2809 624 2878 (Psal.
654 2824 704 2872 v,
733 2809 794 2871 7;
826 2801 1020 2878 Sapft,
1052 2804 1455 2878 lt)._l'._)ominica
1475 2801 1622 2870 virgo

86 2875 287 2942 quantam
317 2875 471 2934 fidem
515 2877 676 2933 debet
719 2879 769 2930 in
813 2877 1058 2931 omnibus
1095 2875 1380 2937 exhibere,
1417 2880 1621 2926 tantqu

87 2958 232 3002 caveat
265 2950 437 3016 jnrare
463 2948 576 3002 :de
616 2947 700 3002 bis
739 2963 857 3015 qua:
904 2947 1072 3015 egerit
1111 2955 1326 3016 propter
1347 2942 1618 3016 veritatem

87 3013 450 3071 confirmandam
477 3013 780 3087 juramcnta
810 3013 1112 3087 persolvere
1140 3013 1234 3084 (ri).
1267 3013 1340 3067 Ne
1372 3014 1422 3066 in
1452 3018 1620 3065 totum

87 3089 374 3158 autpmnino
399 3086 550 3156 juret
576 3087 783 3158 (Matth.
819 3101 868 3150 v,
909 3087 1020 3158 3t),
1067 3086 1342 3158 Dominum
1372 3089 1625 3158 agnoscat

88 3157 124 3226 in
161 3147 423 3226 Evangelia
471 3147 907 3226 praunonentem.
963 3147 1434 3226 Don'tiuicahvirgo
1483 3147 1622 3203 furta

89 3223 359 3295 {crudosque
387 3223 586 3291 facere,
619 3237 708 3279 aut
738 3225 867 3278 falsa
899 3224 1196 3295 testimonia
1221 3223 1424 3295 dicere,
1439 3229 1535 3274 aut
1561 3236 1621 3273 ea

90 3291 351 3351 beientibus
373 3297 681 3350 consentire
719 3304 942 3349 caveat:
973 3294 1092 3363 quia
1137 3308 1198 3347 ea
1236 3291 1624 3363 committeuies

87 3365 234 3418 beatus
273 3366 460 3421 Paulus
510 3366 754 3434 obiurgat
789 3363 833 3486 il
874 3357 1003 3417 Cor:
1032 3378 1102 3424 vr,
1151 3363 1215 3424 8;
1262 3360 1408 3414 Itoni.
1442 3375 1480 3424 ι,
1509 3357 1620 3438 5?).

91 3433 313 3486 licinio-ica
352 3437 504 3486 virgo
545 3446 781 3486 matrona
809 3434 924 3486 ibus
966 3431 1242 3486 corwiviis.
1292 3430 1485 3486 quibus
1524 3429 1620 3482 vrri

91 3433 313 3488 licinio-ica
352 3437 504 3504 virgo
545 3429 924 3488 uiatr'onalibus
966 3431 1260 3504 conviviis,_
1292 3430 1485 3504 quibus
1524 3429 1622 3482 viri

90 3503 348 3570 miscentur,
380 3501 642 3560 interesse
669 3505 898 3558 declinet
920 3521 933 3556 :
956 3517 1022 3556 ne
1043 3501 1481 3571 concupiscentia
1505 3513 1624 3565 pec-

87 3581 225 3644 fatum
250 3591 422 3630 secum
455 3577 597 3628 inter
615 3575 805 3644 pocula
838 3572 1169 3642 loquentibus
1195 3571 1321 3644 viris
1355 3571 1620 3637 importct.

92 3631 317 3716 ilontiuica
344 3647 516 3716 virgo,
547 3631 729 3698 contra
757 3631 942 3716 «tumes
963 3655 1121 3716 sonos
1133 3641 1341 3716 _musica
1369 3631 1481 3692 arie
1505 3652 1625 3716 pro-

90 3709 211 3774 latos,
247 3707 641 3768 contrave-uncta
670 3713 871 3766 cantica
907 3711 1198 3772 szrcularia,
1233 3719 1416 3763 contra
1448 3707 1624 3761 omnia

88 3797 178 3844 qua:
209 3783 423 3839 dulciter
456 3784 794 3838 delectentur
831 3780 1034 3842 audire,
1081 3795 1238 3833 aures
1275 3789 1329 3832 et
1357 3794 1451 3832 cor
1479 3789 1624 3831 tuum

91 3852 306 3908 corn-lude
333 3873 346 3906 :
375 3871 442 3908 ue
468 3853 790 3907 diabolicum
820 3851 986 3904 melos
1015 3849 1211 3904 Christi
1237 3848 1302 3902 de
1328 3847 1490 3902 corde
1510 3847 1625 3916 ejus

89 3917 318 3990 abscindat
362 3938 623 3977 amorem.
673 3921 939 3975 Dominica
987 3920 1153 3988 virgo,
1191 3916 1625 3990 _nitttibtts_ﬂesi-

90 3985 253 4057 basque
278 3993 602 4053 saltantium,
626 3985 1100 4061 cymbalistriarum
1123 3988 1203 4042 vel
1235 3985 1625 4055 tympanistria-

90 4070 198 4132 I'uin,
214 4063 550 4132 omniumque
567 4060 794 4115 virilium
814 4060 1154 4132 lud‘icrorum,
1177 4066 1428 4125 quantum
1452 4063 1626 4132 potes,

91 4127 253 4183 vultum
294 4140 434 4185 tuum
459 4125 663 4185 'averte
695 4149 707 4184 :
740 4147 804 4184 nc
829 4128 1111 4197 cujuslibet
1139 4141 1320 4197 eorum
1349 4125 1628 4197 repentino

90 4200 250 4271 amoris
289 4200 390 4255 telo
429 4215 702 4271 percus~a,
736 4192 963 4269 graviter
992 4197 1210 4271 incipias
1249 4192 1486 4271 interire.
1519 4192 1624 4246 Do-

91 4266 246 4322 minica
274 4271 415 4340 virgo
429 4263 549 4324 'non
582 4263 782 4340 tantum
815 4263 1178 4340 nesnperbiat
1205 4263 1511 4340 aut_!itiget,
1539 4277 1629 4315 ca-

91 4347 207 4401 leat;
231 4341 316 4394 sed
335 4334 498 4395 etiam
525 4356 553 4393 a
582 4334 1006 4408 superbientibus
1025 4345 1078 4390 et
1100 4334 1441 4408 litigantibus,
1464 4346 1630 4408 quan-

93 4412 178 4478 lum
204 4418 380 4475 potest,
411 4411 594 4478 procul
632 4401 882 4463 abscedat
913 4425 925 4458 :
957 4401 1200 4478 Superbis
1227 4418 1454 4478 namque
1492 4401 1630 4478 Deus

91 4472 260 4540 resistit,
287 4472 555 4533 humilibus
581 4489 742 4531 autem
768 4479 854 4530 dat
883 4472 1118 4544 gratiam,
1147 4474 1398 4544 Salomon
1424 4474 1473 4524 in
1504 4472 1631 4524 Pro-

93 4534 462 4602 verbiisclamat
493 4549 670 4616 (l’iov.
703 4563 853 4609 xxrx,
883 4534 999 4612 ﬁt).
1050 4534 1314 4616 Dominica
1357 4541 1650 4616 virgonec'

93 4619 316 4686 sermonis
336 4608 608 4686 jactantia,
639 4633 734 4670 nec
755 4608 968 4674 divitiis,
1001 4629 1099 4686 nec
1122 4613 1334 4683 generis
1359 4608 1631 4665 nobilitate

93 4682 301 4741 sedebet
337 4682 625 4749 extollere;
667 4687 760 4740 sed
798 4687 847 4738 in
895 4682 1188 4738 li-tttttilititte
1227 4691 1280 4737 et
1321 4690 1632 4750 paupertate

95 4751 272 4814 Spiritus
292 4758 499 4810 Christo
517 4766 728 4822 accepta
757 4756 913 4824 debet
934 4753 1181 4824 quamdiu
1210 4753 1395 4824 vixerit
1427 4766 1625 4824 peruia:

96 4831 210 4873 nere.
242 4825 292 4877 ln
316 4825 512 4892 judicio
531 4820 670 4880 enim
695 4825 785 4878 Dei
815 4821 916 4877 nun
943 4820 1094 4886 tales,
1131 4822 1224 4877 sed
1259 4831 1405 4892 actus
1437 4820 1629 4888 proprii

96 4891 430 4958 Ιιίξιιςειιιιιιιιιιι·ν
461 4911 525 4948 ex
557 4896 746 4966 quibus
783 4894 974 4962 singuli
1021 4892 1316 4966 mercedem
1347 4891 1632 4966 sicutges-

95 4970 262 5032 serunt,
301 4980 402 5019 non
449 4960 596 5019 sicut?
612 4966 717 5018 nati
759 4960 900 5026 sunt,
948 4962 1310 5031 reportabant.
1358 4960 1630 5032 Dominica

95 5029 214 5102 “ing
239 5031 432 5102 vigilias
456 5033 701 5089 funebres
729 5035 812 5102 vel
837 5029 1057 5087 caeteras
1084 5049 1199 5100 qua:
1223 5032 1272 5102 in
1303 5030 1519 5102 privatis
1539 5029 1634 5102 do-

97 5093 237 5176 illiliits
257 5093 946 5176 eveniunt,debcteffugere,
974 5102 1058 5176 ubi
1091 5093 1350 5176 pt'vei-iptie
1379 5100 1494 5176 sine
1521 5097 1632 5176 dis-

96 5169 296 5225 cretione
346 5187 503 5226 sexus
519 5173 790 5226 commixti
809 5169 1155 5226 CUIIVCDlUIH.
1193 5169 1459 5223 Dominica
1489 5169 1634 5236 virgo

96 5241 478 5313 {luisset-amilum
500 5243 740 5311 preprias
759 5244 897 5313 vires
918 5241 1057 5313 nulla
1081 5240 1322 5313 porrigit,
1336 5254 1440 5292 non
1455 5245 1635 5313 potest

97 5304 254 5375 ancilla
276 5308 365 5364 Dei
386 5313 466 5366 vel
489 5304 700 5367 dici-vel
731 5311 897 5366 credi.
929 5310 1055 5375 Sed,
1081 5304 1144 5364 ut
1181 5304 1410 5363 breviter
1435 5304 1629 5369 dicam,

97 5365 322 5452 ‘_l0ll_lin_i_ca
368 5365 519 5452 virgo
553 5365 690 5452 quasi
719 5365 933 5449 pudoris
978 5365 1058 5452 sui
1117 5377 1339 5434 Domino
1371 5365 1630 5452 promissi

97 5444 804 5520 tustodiz-migcrere'nititur,
856 5465 952 5504 nec
995 5451 1202 5520 incessu
1245 5445 1489 5508 notabili,
1535 5460 1631 5498 nec

99 5514 206 5563 nutu
222 5524 304 5568 aut
319 5514 456 5572 dicto
471 5521 634 5584 molli,
669 5534 766 5574 nec
787 5520 1053 5574 otiosi-tate
1074 5519 1239 5584 verbi,
1271 5532 1366 5571 uec
1387 5530 1629 5584 corpore,

101 5589 182 5631 nec
203 5593 364 5642 mente
381 5588 532 5645 debet
555 5591 774 5645 omnino
801 5604 1036 5658 pecuare.

147 5667 217 5732 (al.
230 5677 410 5738 Supplc,
432 5685 586 5742 cura,
605 5687 688 5730 aut
701 5680 812 5743 quid
827 5678 1001 5729 simile.

974 260 1173 315 LIBER
1217 257 1303 312 DE
1341 255 1766 312 SOBRIETATE
1810 259 1893 313 ET
1935 259 2340 316 CASTITATE.

3142 261 3278 316 illo

1779 368 2002 444 Céi’DT
2022 371 2103 444 Ill.
2123 371 2416 444 Vinolentiw
2444 375 2652 444 crimina
2678 377 2728 427 in
2746 375 3014 444 virginibus
3035 375 3112 428 vel
3139 377 3281 443 [enti-

1707 439 1810 511 nis.
1823 438 2089 492 Ebrietatis
2106 441 2239 511 metu
2251 442 2513 511 universi»:
2527 438 3063 511 perstringunturilur
3077 461 3108 496 a
3120 438 3279 498 sacer-

1707 509 1904 579 dotibus
1921 525 2127 562 exorsus
2140 509 2292 577 fuerit
2312 521 2502 562 amtor.
2521 510 2583 562 Et
2606 509 2851 579 quoniam
2865 529 2981 579 qme
2993 515 3277 568 admouen—

1706 577 1788 650 dis
1820 579 2118 650 virginibus
2134 579 2298 632 sacris
2326 579 2465 632 dicta
2491 577 2638 642 sunt,
2659 577 2938 634 credamus
2965 597 3121 650 posse
3160 584 3272 636 suf-

1708 647 1887 710 ficere,
1909 647 1986 701 ex
2014 649 2205 716 quibus
2235 651 2513 716 przrceptis
2538 651 2695 703 etiam
2727 649 2816 703 Dei
2838 647 3008 703 servis
3026 652 3109 706 vel
3132 653 3280 707 Iaicis

1707 720 1910 771 cunctis
1926 718 2203 771 conveniat
2223 719 2507 772 observare
2532 737 2543 772 :
2561 720 2668 786 jam
2680 719 2934 774 debemus
2957 719 3024 773 ad
3045 722 3282 776 vinolen-

1711 787 1794 839 tize
1824 788 2041 840 crimina
2070 787 2429 841 enumeranda
2455 791 2648 841 venire.
2676 797 2729 842 ct
2755 789 2946 842 docere
2972 789 3278 843 ebrietatem

1709 867 1896 927 cuncta
1923 859 2044 910 vitia
2075 872 2346 925 superare.
2380 858 2510 925 Ipsis
2539 859 2708 927 primo
2739 859 3028 925 virginibus
3055 858 3286 913 ebrietas

1710 925 1965 996 castitatis
1986 928 2240 993 promissa
2270 928 2489 995 implere
2508 925 2613 981 non
2639 929 2923 996 permittit;
2946 929 3066 996 quia
3087 938 3285 982 sancta:

1711 995 2075 1066 pollicitationi
2107 997 2156 1048 iu
2181 1008 2404 1066 utroque
2431 1012 2558 1049 sexu
2578 995 2786 1052 inimica
2812 995 3025 1066 semper
3047 998 3282 1052 exstitit:

1711 1071 1766 1118 et
1803 1065 1920 1118 ideo
1949 1067 2176 1137 ebrietas
2203 1065 2388 1134 pudori
2417 1083 2613 1137 comes
2637 1082 2755 1122 esse
2795 1081 2899 1122 non
2931 1065 3126 1137 potest,
3160 1068 3281 1136 quia

1715 1149 1812 1188 nec
1830 1136 2044 1189 castitas
2068 1135 2461 1204 fuit’aliquando
2478 1140 2618 1190 socia
2644 1138 2983 1192 temnlentiae.
3011 1135 3285 1192 Sobrietas

1713 1204 1766 1257 iu
1799 1204 2005 1276 feminis
2032 1206 2096 1260 ad
2126 1215 2317 1276 terram
2350 1207 2568 1274 deponit
2590 1217 2859 1276 aspectum
2899 1224 2910 1259 :
2941 1207 3172 1276 ebrietas
3192 1222 3285 1260 au-

1713 1280 1819 1327 tem
1840 1275 2037 1346 amisso
2066 1276 2264 1345 pudore
2285 1275 2671 1331 inverecundos
2688 1277 3057 1346 erigit-vultbs.
3076 1275 3286 1333 Sobrie-

1714 1352 1794 1396 tas
1819 1345 1958 1399 enim
1983 1361 2102 1399 cum
2124 1351 2328 1398 somnia
2361 1346 2716 1413 trepidatione
2732 1345 3212 1413 irreprehensibile,
3230 1357 3288 1400 et

1713 1427 1832 1484 cum
1870 1415 2081 1484 silentio
2115 1416 2462 1484 prepiuquum
2509 1417 2701 1470 emittit
2750 1414 2968 1470 veritum
3011 1433 3024 1468 :
3057 1414 3288 1470 ebrietas

1717 1483 2106 1550 im‘pndoratum
2134 1483 2256 1540 facit
2288 1485 2496 1538 femina:
2537 1498 2588 1539 et
2623 1501 2926 1541 sermorem
2969 1495 3023 1540 et
3058 1485 3282 1539 Vultum.

1716 1553 1872 1607 Elicit
1902 1569 2126 1623 namque
2153 1564 2311 1624 atque
2337 1566 2615 1623 extorquet
2640 1557 2870 1611 ebrietas
2892 1554 3182 1620 infandam,
3211 1555 3291 1608 in-

1714 1624 2068 1677 verecundam
2121 1625 2186 1678 de
2231 1625 2476 1677 omnibus
2530 1642 2587 1679 se
2637 1626 2951 1680 habentibus
3007 1633 3291 1689 vocem,ct

1715 1692 1799 1747 cui
1857 1693 2185 1762 subrepserit
2229 1711 2320 1761 per
2360 1696 2663 1748 aviditatem
2719 1697 2966 1750 nimietas
3025 1695 3289 1758 vini,nul-

1716 1762 1827 1833 ium
1877 1771 2050 1831 potest
2098 1764 2292 1817 habere
2341 1766 2544 1818 tacmtdi
2589 1766 2841 1833 pudorem
2872 1780 2975 1818 :ex
2997 1779 3097 1833 qna
3116 1773 3290 1818 temu-

1717 1832 1875 1886 lentia
1891 1834 2247 1886 membrorum
2271 1832 2611 1900 consequitur
2628 1832 3096 1888 iufirmitatemet
3118 1833 3186 1887 ita
3211 1834 3289 1897 fit,

1719 1904 1942 1955 utsicuti
1963 1905 2110 1958 navis
2132 1904 2433 1956 validiSsimi
2458 1905 2618 1958 maris
2645 1906 2887 1958 fluctibus
2915 1904 3134 1972 scopulo
3157 1903 3291 1972 illisa

1719 1972 2127 2042 comminuitur;
2161 1972 2227 2025 ita
2257 1975 2464 2026 femina:
2497 1989 2689 2041 Carpus
2710 1991 2772 2028 ac
2801 1989 2950 2027 mens
2975 1967 3156 2042 grandi
3187 1967 3294 2025 viui

1720 2041 1950 2110 procella
1996 2042 2128 2096 illisa
2153 2083 2168 2107 ,
2202 2043 2453 2096 membris
2496 2044 2742 2098 erunibus
2780 2043 3118 2097 dissolvatur.
3164 2041 3295 2095 Nam

1720 2112 2177 2182 quzenaturaliter
2216 2114 2362 2165 firma
2424 2112 2584 2181 ﬁgere
2649 2128 2751 2166 non
2792 2121 2967 2182 porest
3010 2111 3298 2182 gradiendo

1720 2181 1939 2250 vestigia
1975 2198 1988 2244 ;
2019 2183 2286 2250 quomodo
2324 2183 2569 2236 incedere
2597 2181 2811 2248 valebit,
2841 2197 2959 2236 cum
2993 2183 3099 2234 vini
3137 2181 3296 2235 fuerit

1722 2249 1920 2320 ingenti
1954 2249 2180 2318 procella
2211 2267 2479 2320 percussa.
2512 2253 2833 2320 lapsabnnda
2864 2254 2880 2284 ¹
2909 2266 3094 2320 gressu
3115 2264 3179 2306 ac
3205 2251 3289 2304 iu-

1724 2335 1912 2384 nueus,
1938 2336 2149 2389 semper
2169 2323 2424 2376 contortis
2447 2324 2616 2376 oculis
2641 2323 2909 2390 resupina.
2932 2330 3022 2374 aut
3051 2320 3297 2374 inclinata
3321 2349 3323 2352 -

1723 2390 1964 2461 cervice,
2012 2389 2205 2461 famula
2253 2403 2469 2457 regente
2511 2389 2828 2461 pedisscqua
2865 2391 3300 2461 detemulentiae

1723 2474 1834 2530 suae
1859 2460 2014 2530 culpa
2040 2461 2062 2513 ?
2091 2459 2164 2514 lbi
2192 2462 2391 2514 sanitas
2427 2472 2478 2512 et
2508 2459 2631 2514 cura
2655 2459 2847 2514 domus
2873 2459 3014 2514 nulla
3040 2461 3126 2530 vel
3157 2459 3303 2513 fami-

1725 2528 1809 2582 lia:
1832 2528 2171 2597 gubernatio,
2203 2531 2378 2598 lingua
2403 2530 2697 2585 balbutiens
2723 2531 2982 2584 sermonis
2997 2529 3174 2583 officio
3197 2530 3303 2596 pri-

1724 2608 1877 2652 vatur
1899 2638 1914 2664 ,
1937 2601 2103 2652 autin
2126 2615 2310 2654 vocem
2337 2613 2683 2668 prorumpere
2712 2601 2895 2653 volens
2912 2639 2928 2664 ,
2957 2613 3062 2668 non
3094 2607 3299 2652 tantum

1726 2683 1831 2722 non
1855 2668 2164 2738 intelligitur
2181 2710 2196 2734 ,
2225 2670 2317 2723 sed
2338 2667 2516 2723 etiam
2557 2667 2624 2723 ab
2649 2669 2983 2723 audientibus
3006 2667 3298 2738 deridetur.

1728 2738 1823 2792 Est
1847 2737 2228 2794 autem’meute
2251 2739 2474 2793 alienata
2501 2780 2514 2803 ,
2544 2749 2597 2793 et
2624 2739 2704 2793 sui
2729 2739 2947 2793 omnino
2974 2737 3150 2793 nescia
3171 2777 3186 2800 ,
3214 2738 3301 2791 cui

1725 2809 1898 2862 cultus
1949 2810 2136 2878 capitis
2163 2809 2332 2878 vergit
2357 2809 2409 2863 in
2435 2818 2635 2878 partem
2657 2850 2671 2872 ,
2700 2817 2753 2863 et
2785 2807 3113 2878 seminudam
3151 2821 3304 2861 mou-

1727 2888 1861 2932 strat
1882 2876 2184 2934 videntibus
2205 2876 2488 2945 cervicem,
2519 2888 2573 2934 et
2599 2880 2740 2933 omni
2763 2895 2827 2933 ex
2858 2887 3003 2946 parte
3019 2876 3249 2932 demissa
3272 2891 3304 2930 a

1727 2949 2173 3017 conspicientibus
2202 2949 2566 3011 erubescitur,
2597 2958 2652 3003 et
2699 2948 2824 3018 quid
2870 2947 3011 3018 domi
3056 2956 3301 3017 geratur,

1728 3019 1953 3086 ignorat.
1987 3019 2319 3073 Periclitatur
2339 3021 2386 3071 in
2408 3019 2496 3072 tali
2521 3021 2636 3073 sine
2661 3017 2823 3072 dubio
2849 3017 3047 3088 pudor,
3069 3025 3123 3071 et
3146 3031 3304 3071 omne

1727 3098 1990 3158 secretum
2012 3129 2026 3152 ,
2049 3090 2188 3158 quod
2227 3089 2486 3142 sobrietas
2530 3089 2579 3141 in
2610 3088 2815 3143 feminis
2841 3086 3100 3158 custodit,
3136 3096 3306 3141 ternu-

1728 3157 1886 3211 lculia
1919 3157 2165 3227 publicat.
2213 3160 2339 3225 Qua:
2364 3174 2484 3213 cum
2517 3159 2659 3212 humi
2685 3158 2840 3212 fuerit
2871 3157 3126 3226 vertigine
3155 3164 3302 3224 rapta

1729 3227 1969 3296 lectoque
2009 3237 2304 3296 prostrata,
2340 3229 2756 3282 circmucursare
2795 3228 2893 3280 sibi
2934 3234 3152 3296 cunctos
3177 3241 3306 3279 con-

1729 3295 1893 3367 spicit
1913 3295 2176 3367 parietes:
2210 3299 2542 3367 culminaque
2575 3298 2764 3352 domus
2791 3297 2841 3351 in
2873 3297 3009 3367 imo,
3039 3305 3092 3349 et
3114 3295 3217 3350 ima
3251 3297 3304 3349 in

1729 3365 1892 3438 altum
1915 3365 2063 3438 putat
2088 3382 2205 3422 esse
2234 3365 2471 3436 porrecta
2495 3410 2509 3433 ,
2543 3378 2594 3421 et
2624 3368 2761 3421 velut
2791 3365 2994 3438 sepulta
3013 3379 3201 3420 somno
3227 3382 3305 3418 re-

1728 3437 1936 3506 cipitur}
1969 3437 2312 3493 Lectisteruia
2342 3453 2468 3491 vero
2493 3453 2611 3506 qurc
2637 3439 2703 3491 ab
2725 3437 3010 3490 infantibus
3036 3443 3308 3491 contume-

1730 3505 1813 3562 liis
1837 3508 2230 3570 del'ormantur,
2259 3522 2285 3558 a
2317 3505 2524 3562 cunctis
2551 3507 2757 3562 feminis
2795 3507 2875 3560 vel
2923 3505 3129 3561 ancillis
3155 3546 3170 3569 ,
3202 3519 3308 3558 non

1726 3580 1834 3644 jam
1857 3579 2078 3633 occultis
2099 3619 2111 3639 ,
2138 3577 2230 3632 sed
2261 3577 2560 3632 videntibus
2603 3577 2874 3632 cachinnis
2913 3577 3034 3629 talis
3075 3575 3308 3630 domina:

1731 3649 2036 3702 tetunlentia
2064 3647 2354 3702 deridetur.
2387 3648 2474 3700 Sic
2519 3647 2692 3716 itaque
2723 3651 3026 3701 transeunte
3049 3655 3305 3716 tempore.

1729 3727 1783 3774 et
1811 3718 2080 3774 ebrietatis
2107 3718 2235 3770 vitio
2278 3714 2622 3785 permanente
2645 3757 2660 3782 ,
2688 3716 2754 3770 de
2792 3717 2906 3785 ejus
2949 3714 3110 3770 corde
3135 3715 3310 3770 omnis

1729 3791 1906 3845 evolat
1933 3790 2093 3842 timor
2120 3807 2134 3839 :
2165 3803 2260 3841 nec
2288 3789 2720 3855 corruptionem,
2749 3801 2845 3839 nec
2869 3795 3124 3855 terrorem
3164 3798 3236 3855 scr.

1731 3859 2057 3928 objurgantis
2090 3859 2182 3911 viri
2214 3854 2566 3928 cogitat_,ant
2604 3855 2861 3923 vigorem.
2904 3854 3030 3908 lude
3073 3854 3311 3922 quotidie

1732 3925 1968 3996 neglecta
2015 3926 2203 3980 domus
2249 3941 2360 3996 per_
2397 3925 2638 3996 illapsnm
2689 3933 2893 3992 tempus
2946 3932 3153 3996 ornatu-
3185 3937 3311 3990 quo.

1734 3991 1928 4052 tidiano
1972 3998 2021 4048 in
2077 3991 2278 4048 tantum
2332 3994 2662 4058 destituitur,
2693 4001 2750 4046 ut
2797 3991 3009 4061 Semper
3059 3991 3156 4044 sibi
3200 4005 3312 4044 ma-

1734 4069 1864 4122 ritus
1915 4073 2138 4120 mortem
2189 4073 2398 4133 exoptet
2428 4104 2448 4133 ,ν
2485 4063 2635 4133 cujus
2689 4061 2837 4133 labor
2888 4059 3310 4133 g'uberuatioque

1733 4138 1831 4192 sub
1877 4137 1964 4189 tali
2011 4135 2221 4188 domina
2271 4131 2506 4202 quotidie
2565 4131 2954 4202 minuitur,et
3004 4131 3054 4183 in
3101 4131 3307 4202 lapsum

1736 4208 1894 4259 venit.
1941 4205 2053 4258 Non
2103 4214 2185 4258 est
2230 4199 2349 4258 cum
2392 4217 2492 4271 qua
2539 4201 2808 4271 quidpiam
2846 4201 2914 4256 de
2962 4215 3088 4254 cura
3120 4199 3310 4254 domus

1735 4275 2061 4336 conferatur,
2116 4283 2171 4327 nt
2215 4275 2266 4326 in
2314 4270 2502 4326 melius
2545 4270 2741 4341 aliquid
2777 4271 3090 4339 disponatur
3129 4287 3140 4322 :
3186 4271 3308 4341 quia

1735 4346 1936 4400 scilicet
1967 4344 2146 4397 uxoris
2189 4357 2382 4396 nomen
2422 4339 2650 4406 tantum,
2679 4355 2782 4394 non
2828 4353 3006 4395 mores
3055 4339 3307 4394 ostendit.

1735 4417 1876 4471 Nihil
1902 4429 1961 4469 ea
2007 4415 2343 4482 diSponente,
2392 4412 2649 4466 maritalis
2689 4411 2996 4482 quotidiana
3037 4424 3180 4482 cura
3204 4423 3310 4482 non

1736 4488 1851 4542 sine
1880 4479 2106 4539 tristitia
2131 4481 2377 4552 fatigatur
2401 4501 2414 4536 :
2443 4484 2564 4550 quia
2608 4479 2749 4536 velut
2781 4481 2952 4552 juncti
2981 4479 3034 4533 in
3065 4479 3308 4533 vehiculo

1737 4558 1920 4616 boves,
1951 4555 1994 4608 si
2017 4568 2152 4607 unus
2177 4549 2355 4607 certari
2386 4549 2484 4604 sub
2505 4567 2666 4606 onere
2689 4549 2881 4617 cesset,
2904 4549 3126 4603 alterum
3153 4563 3314 4602 cona—
3389 4567 3392 4570 θ

1738 4635 1823 4680 tus
1873 4625 2191 4693 disrumpet.
2239 4622 2539 4693 Vinolentia
2583 4623 2739 4690 igitur
2775 4620 3011 4693 dominte
3029 4617 3314 4693 subtractis

1739 4697 1972 4749 locorum
2004 4688 2266 4753 clavibus,
2290 4692 2466 4744 onmia
2499 4688 2766 4744 tentantur
2795 4706 2807 4742 :
2835 4690 3171 4744 cellariorum
3203 4688 3313 4754 ple-

1739 4766 1922 4820 nitudo
1942 4764 2092 4818 furtis
2117 4763 2350 4832 quotidie
2376 4761 2657 4832 servilibus
2680 4760 2935 4832 inanitur,
2958 4757 3312 4832 iudisciplina-

1740 4843 1912 4906 ireque
1947 4828 2165 4906 familia:
2203 4831 2524 4906 clamoribus
2571 4829 2758 4883 domus
2795 4830 2968 4906 omnis
3008 4828 3311 4906 perstrepit.

1739 4897 1978 4961 Lariilicii
2005 4919 2130 4957 vero
2164 4910 2253 4954 aut
2281 4899 2572 4969 negligens,
2608 4909 2701 4952 aut
2729 4899 2890 4962 nulla,
2921 4897 3318 4969 autabomina-

1739 4977 1862 5030 bilis
1886 4973 2113 5028 efficitur
2139 4985 2286 5025 cura.
2314 4968 2592 5024 T’alienim
2617 4969 2846 5022 dominae
2875 4968 3066 5022 ancilla
3105 4968 3319 5022 charior

1739 5055 1898 5114 atque
1923 5043 2198 5096 amabilior
2218 5043 2341 5104 erit,
2374 5054 2492 5116 quae
2514 5039 2762 5108 capacius
2786 5039 3034 5109 poculum
3065 5052 3318 5116 porrexe-

1739 5110 1828 5179 rit,
1857 5128 2014 5182 quam
2036 5125 2399 5182 qutepensnm
2429 5110 2691 5182 integrum
2721 5117 2844 5162 ante
2870 5122 3151 5182 vesperum
3181 5110 3315 5182 assi-

1741 5175 1997 5253 gnaverit.
2024 5175 2264 5253 Cathinis
2286 5181 2424 5253 enim
2447 5175 2726 5253 aut'variis
2753 5175 3087 5247 persitiisque
3115 5175 3310 5253 colori-

1740 5249 1836 5309 bus
1861 5253 1914 5307 in
1943 5253 2082 5315 vino,
2110 5265 2216 5304 non
2239 5251 2288 5303 in
2316 5250 2528 5313 tunicis,
2551 5249 2842 5304 delectatur
2862 5265 2874 5301 :
2894 5257 2948 5302 et
2969 5260 3074 5299 non
3089 5249 3318 5297 vestium

1742 5321 2124 5383 faciendarum,
2180 5320 2274 5375 sed
2332 5320 2437 5372 vini
2489 5320 2681 5390 quaerit
2727 5318 2940 5390 aliatam
2987 5326 3314 5390 mensuram.

1740 5394 1853 5447 Non
1878 5391 2084 5446 tuenda:
2113 5390 2371 5445 castitatis
2396 5383 2555 5444 causa
2577 5389 2708 5442 telas
2733 5383 3112 5459 ad_.texendum
3136 5383 3313 5459 erigit,

1740 5478 1859 5534 qua:
1879 5477 2037 5534 usum
2067 5461 2182 5514 tela:
2209 5460 2426 5534 olimde
2448 5459 2613 5534 domo.
2636 5471 2731 5526 per
2759 5454 3068 5534 ebrietatem
3087 5454 3271 5534 amisit
3295 5467 3318 5534 7:

1740 5517 1793 5589 ἐι
1822 5533 1957 5587 telas
2003 5545 2134 5601 quas
2181 5530 2384 5585 ancillis
2409 5517 2698 5584 otiantibits
2737 5521 3020 5586 subtraxit,
3052 5517 3314 5574 texendas

1812 5675 1828 5703 ι
1851 5675 1944 5729 Er,
1967 5665 2268 5717 Iussabtmda.
