3842 6266
117 390 235 447 1157

112 504 279 561 exaudi
308 517 391 557 me
415 502 465 556 in
495 501 786 557 latitudine.
816 500 1006 572 Legem
1029 517 1165 572 pone
1192 504 1317 557 mihi
1342 546 1356 567 ,
1390 505 1608 561 Domine
1632 548 1645 565 .

112 588 159 629 ut
188 576 348 627 vivam
374 615 385 633 ,
413 581 467 627 et
496 574 604 627 vias
642 573 861 643 justitim
892 585 993 627 tua:
1017 575 1287 643 exquiram
1318 590 1548 644 semper.
1580 576 1653 631 Da

111 646 221 699 mihi
259 644 571 698 intellectum
593 686 608 709 ,
640 653 695 697 ut
722 653 1022 713 perscruler
1048 645 1215 713 legem
1248 654 1388 698 luant
1410 688 1425 711 ,
1454 654 1508 699 et
1558 663 1653 700 cu-

110 715 309 770 stodiam
334 715 471 768 illam
490 714 539 787 in
562 722 671 787 toto
684 714 852 787 corde
878 730 1015 787 meo.
1040 715 1224 769 Erravi
1245 716 1380 787 sicut
1405 717 1655 787 ovisqua:

108 787 332 857 perierat,
366 784 638 853 requirens
662 784 825 857 libera
851 785 1080 839 animam
1110 800 1303 857 meam.
1333 784 1654 841 Custodi'in-

110 855 299 909 iroitum
324 870 495 909 meum
521 864 575 909 et
601 855 798 908 exitum
831 871 1040 920 meum;
1062 865 1116 909 ut
1144 856 1194 909 in
1212 856 1370 910 domo
1399 866 1481 911 tua
1510 866 1655 912 stan—

107 934 173 980 tes
190 925 286 979 sint
303 923 464 995 pedes
488 925 590 979 mei
619 925 668 978 in
690 925 839 979 atriis
854 926 1167 981 Jerusalem.
1186 925 1264 981 Ad
1285 935 1335 981 te
1360 927 1523 981 levavi
1541 929 1655 982 ani-

107 1012 226 1050 mam
252 1012 415 1049 meam
434 1004 487 1050 et
505 995 685 1068 oculos
702 998 975 1068 me_os,_qui
997 995 1203 1068 habitas
1234 997 1284 1050 in
1302 998 1450 1053 caelis
1471 1016 1483 1050 :
1505 998 1653 1068 eripe

104 1068 308 1119 animam
334 1080 504 1120 meam
534 1065 601 1119 de
631 1066 922 1135 muscipula
946 1067 961 1097 ³
996 1067 1319 1133 venantium,
1348 1079 1405 1121 ut
1430 1084 1534 1122 non
1560 1065 1654 1123 ex-

107 1136 290 1190 tendam
320 1135 751 1207 adiniquitatem
778 1152 964 1191 manus
991 1152 1157 1191 meas.
1188 1137 1351 1207 iteple
1376 1138 1567 1207 gaudio
1591 1154 1652 1193 os

106 1222 257 1261 meum
276 1249 289 1271 ,
316 1214 369 1268 et
393 1206 621 1276 linguam
652 1221 823 1260 meam
849 1207 1216 1262 exsultatione.
1250 1206 1414 1276 imple
1440 1208 1650 1263 deside.

104 1278 217 1330 rium
248 1292 417 1342 meum
445 1276 511 1331 de
548 1276 689 1331 bono
708 1318 721 1337 ,
763 1284 818 1330 et
843 1277 1063 1331 benedic
1094 1293 1178 1331 me
1203 1294 1268 1332 ex
1294 1276 1455 1340 Sion;
1487 1288 1543 1333 ut
1568 1281 1649 1333 vi-

102 1348 230 1401 deam
259 1349 387 1401 bona
425 1363 542 1418 qum
567 1357 688 1401 sunt
716 1347 765 1400 in
793 1346 1086 1418 Jerusalem
1123 1366 1134 1399 :
1170 1348 1326 1418 longe
1366 1348 1448 1402 fac
1475 1364 1557 1402 me
1582 1350 1651 1403 ab

103 1418 345 1486 iniquitate
365 1420 404 1469 ³.
432 1416 756 1470 Fiantaures
784 1426 885 1470 tum
903 1416 1235 1472 intendentes
1263 1416 1311 1471 in
1332 1434 1512 1473 vocem
1532 1435 1651 1473 ora-

104 1488 236 1541 tionis
262 1488 395 1541 servi
426 1488 519 1552 tui,
550 1488 790 1540 Domine.
819 1487 933 1541 Non
958 1490 1027 1541 sit
1050 1489 1331 1542 exaltatum
1358 1504 1450 1543 cor
1475 1504 1648 1544 meum

102 1558 142 1609 in
171 1558 423 1627 superbia,
451 1572 624 1627 neque
650 1559 769 1610 elati
802 1558 908 1611 sint
935 1558 1073 1612 oculi
1104 1558 1237 1612 mei:
1260 1560 1351 1613 sed
1384 1558 1651 1614 humiliter

102 1620 299 1681 sentiam
320 1671 333 1693 ,
366 1620 826 1682 detrec—inveniam
852 1628 1023 1681 locum
1053 1628 1273 1682 Domino
1294 1670 1307 1691 ,
1339 1630 1651 1684 tabernacu-

101 1698 189 1751 lum
212 1698 312 1752 Deo
340 1697 524 1751 Jacob.
554 1698 650 1752 Ubi
682 1698 941 1751 mandasti
972 1697 1389 1753 benedictionem
1413 1709 1466 1753 et
1489 1700 1646 1755 vitam

101 1782 241 1837 usque
269 1772 316 1821 in
336 1768 617 1832 smculum;
644 1768 713 1820 ibi
741 1769 989 1822 extollam
1019 1784 1204 1823 manus
1234 1785 1377 1823 meas
1394 1770 1457 1823 ad
1478 1770 1498 1800 ³
1517 1770 1650 1825 San-

99 1846 199 1903 cta,
242 1848 291 1893 et
317 1839 624 1893 benedicam
656 1849 704 1891 te
732 1839 819 1908 qui
859 1838 1062 1907 judicas
1102 1840 1351 1909 populum
1383 1850 1526 1895 tuum
1550 1882 1565 1905 ,
1593 1851 1647 1896 et

150 1953 163 1979 ι
188 1958 256 1997 Ms.
284 1950 473 2009 Regius,
488 1948 562 2011 Vde
586 1946 768 2011 laqueo.

142 2012 164 2078 ξ
188 2011 317 2079 Alias,
341 2024 449 2073 qua:
479 2010 599 2059 bona
622 2009 731 2060 sunt
765 2009 1052 2073 Jerusalem,
1089 2009 1224 2076 longe
1260 2013 1414 2075 factus
1442 2012 1503 2063 ab
1521 2013 1651 2064 omni

95 2078 326 2129 tau/uitale.

150 2133 166 2163 ³
181 2132 310 2194 alias,
333 2133 382 2183 in
403 2148 422 2194 ;
440 2140 493 2183 et
518 2148 648 2193 mox,
671 2134 946 2185 consolaris.

1375 2237 3045 2264 Μ,-

1265 390 1328 447 ΙΝ
1366 383 1708 449 CANTICUM
1745 392 2176 452 MAGNIFICAT.

3198 408 3339 464 “38

1760 507 1811 561 in
1840 507 2006 561 servis
2049 508 2153 562 tuis
2178 508 2557 566 eonsolaberis.
2586 507 2728 567 Deus
2751 512 2973 571 deorum
2998 527 3051 572 et
3076 518 3332 574 Dominus

1756 578 2115 642 dominorum,
2142 578 2425 657 deﬂentem
2456 597 2540 635 me
2566 590 2619 636 ct
2645 583 2950 657 adorantem
2977 588 3043 641 ad
3072 591 3328 657 templum

1763 657 2002 702 sanctum
2032 658 2198 714 tuum,
2228 650 2391 718 proba
2420 667 2524 718 me,
2552 661 2606 705 et
2632 655 2766 707 scito
2794 670 2885 708 eor
2911 671 3085 710 meum
3121 678 3133 711 :
3167 650 3330 712 inter-

1762 732 1890 789 roga
1917 734 2002 772 me
2020 760 2035 783 ,
2077 728 2132 773 et
2156 734 2417 789 cognosce
2446 722 2661 776 semitas
2691 739 2869 789 meas,
2898 734 2951 778 et
2975 726 3145 781 deduc
3169 745 3253 784 me
3280 730 3331 784 in

1764 788 1844 841 via
1883 797 2101 843 :eterna.
2130 788 2395 845 Conserva
2420 792 2434 823 ⁸
2466 808 2552 847 me
2572 834 2586 857 ,
2615 788 2873 859 Domine,
2919 805 2973 849 et
3001 812 3126 851 erue
3151 813 3237 853 me
3264 800 3334 854 de

1762 872 1919 932 manu
1946 861 2258 932 peccatoris,
2279 870 2332 915 et
2357 863 2425 932 ab
2450 863 2696 917 omnibus
2714 864 2904 932 iniquis
2932 865 3093 920 libera
3122 884 3225 921 me.
3249 869 3337 923 Di-

1760 927 1961 1006 [ἰθαιμὲ
1989 931 2159 1006 or_a_t_io
2186 946 2301 1006 mea
2338 931 2472 986 sicut
2499 933 2770 1006 incensum
2806 927 2859 989 in
2887 946 3174 1006 con5pectu
3202 944 3292 993 tuo
3314 980 3332 1005 ,

1763 997 2006 1071 Domine.
2043 1000 2191 1054 Educ
2215 1001 2282 1055 de
2308 1018 2519 1057 carcere
2559 1004 2788 1057 animam
2818 1019 2988 1059 meam
3010 997 3033 1071 ,’
3066 1006 3130 1061 ad
3162 997 3335 1062 conti;

1761 1067 1979 1146 tendum
2008 1071 2206 1146 nomini
2236 1073 2611 1146 tuo,_Dom_ine.
2640 1073 2840 1129 Exaudi
2871 1090 2954 1129 me
2982 1067 3035 1130 in
3063 1085 3149 1130 tua
3172 1077 3336 1146 justi-

1762 1138 1853 1211 tia,
1874 1146 2057 1211 etnon
2086 1140 2319 1195 intresin
2340 1142 2596 1211 judicium
2626 1158 2744 1197 cum
2772 1160 2928 1199 servo
2958 1154 3068 1211 tuo,
3089 1138 3332 1203 Domine.

1763 1204 2026 1287 Velociter
2039 1211 2225 1287 exaudi
2244 1204 2357 1276 me,
2366 1213 2606 1287 Domine,
2624 1213 2914 1287 netdcficiat
2928 1204 3143 1287 spiritus
3160 1233 3331 1273 meus:

1758 1278 2077 1347 quoniaqu
2103 1296 2161 1336 es
2181 1283 2318 1336 Deus
2342 1298 2510 1349 meus,
2532 1284 2889 1356 misericordia
2915 1278 3049 1350 mea,
3071 1287 3332 1356 refugium

1758 1363 1934 1425 meum
1961 1358 2311 1425 etsusceptor
2332 1354 2790 1425 meus.tQuoniam
2812 1370 3036 1425 magnus
3063 1372 3122 1412 es
3147 1354 3205 1411 et
3221 1358 3335 1413 lau-

1758 1418 1947 1496 dabilis
1979 1421 2154 1496 nimis,
2174 1418 2227 1475 (ξι
2254 1418 2629 1496 magnitudinis
2657 1434 2759 1477 ture
2788 1418 2999 1480 non'est
3023 1425 3169 1488 finis;
3188 1428 3335 1496 erige

1758 1487 1972 1566 elisum,
2003 1491 2148 1566 solve
2172 1487 2548 1566 compeditum,
2582 1494 2815 1566 illumina
2842 1509 3059 1561 cmcutn,
3088 1497 3179 1566 qui
3205 1487 3336 1553 tedi-

1757 1556 1883 1612 ficas
1908 1556 2223 1615 Jerusalem.
2253 1556 2391 1635 Cum
2422 1556 2585 1618 auten
2624 1563 3006 1635 confortaveris
3031 1556 3178 1622 seras
3204 1581 3333 1635 por-

1758 1636 2201 1705 tarunLtuarum,
2251 1633 2729 1705 intrinsecuscum
2777 1633 2897 1688 filiis
2928 1636 3030 1689 tuis
3057 1633 3335 1705 cepulatus

1756 1697 1878 1773 sim.
1911 1698 2059 1753 Sicut
2090 1711 2139 1755 te
2169 1701 2384 1756 laudant
2426 1704 2611 1773 Angeli
2634 1746 2649 1769 ,
2677 1715 2730 1759 et
2754 1720 2943 1760 omnes
2969 1697 3203 1760 Virtutes
3231 1714 3335 1760 tua:

1757 1767 1810 1845 in
1840 1785 2003 1845 regno
2032 1773 2285 1826 coriorum
2321 1791 2333 1824 :
2369 1773 2436 1827 ibi
2467 1767 2644 1845 et'ego
2674 1774 2742 1827 ita
2771 1776 3042 1830 exsultans
3071 1791 3188 1831 cum
3216 1776 3334 1845 glo-

1756 1839 1830 1891 ria
1860 1840 1911 1893 in
1934 1839 2111 1914 _choro
2134 1854 2439 1914 sanctorum
2463 1886 2477 1910 ,
2511 1839 2800 1914 Ian—demet
2827 1845 3113 1914 glorificent
3142 1839 3335 1901 nomen

1759 1916 1904 1986 tuum
1933 1910 1984 1963 in
2011 1910 2267 1980 cymbalis
2294 1913 2573 1979 labiorum,
2605 1912 2747 1986 quod
2773 1910 2855 1986 est
2880 1926 3115 1969 sanctum
3143 1925 3195 1971 et
3219 1914 3336 1986 810-

1754 1979 1977 2105 νὴίειιηλ,
2010 1979 2063 2033 et
2091 1991 2274 2050 regnat
2306 1996 2516 2053 semper
2542 1979 2638 2053 per
2664 1984 2866 2039 inﬁnita
2896 1979 3337 2041 smculomm'sm-

1754 2062 1817 2104 cu
1841 2064 1891 2105 a.
1971 2065 2113 2104 men.

1753 2062 1891 2106 cuta.
1922 2062 2113 2105 Amen.

1818 2140 1835 2170 ¹
1861 2146 1945 2189 Ms.
1968 2142 2160 2204 Regius,
2190 2154 2432 2192 consecro.

3054 2240 3331 2264 ...οη-ι*

992 2285 1489 2426 Θευδίῐίίὶ
1594 2289 2422 2457 magnificat

1408 2518 1841 2583 EXPOSITIO
1872 2521 1967 2585 (α).

159 2646 215 2701 Ut
230 2660 417 2700 novum
446 2644 504 2699 in
532 2659 745 2699 carnem
764 2644 880 2698 Filii
901 2644 988 2697 Dei
1012 2642 1294 2697 adventum
1314 2641 1646 2711 praedicaret,

101 2718 172 2783 qui
196 2718 455 2787 ingressus
474 2730 613 2787 novo
638 2715 969 2769 salutationis
992 2714 1244 2787 obsequio
1266 2712 1529 2787 Virgii‘tem
1547 2712 1650 2766 Ga-

99 2782 210 2839 briel
223 2782 502 2855 veneratur
527 2785 731 2847 dicens,
750 2787 851 2839 Ave
879 2786 1043 2855 gratia
1070 2785 1385 2855 plena,_etc.;
1410 2782 1650 2855 [decean-

98 2857 196 2909 n'lla
219 2856 413 2910 Domini
442 2854 598 2925 (Luc.
618 2872 652 2915 ι.
686 2856 755 2910 28
776 2852 951 2923 e158),
983 2854 1159 2907 statim
1187 2853 1502 2925 adveniente
1526 2852 1648 2921 Spi-

100 2928 185 2979 ritu
209 2939 383 2981 saneto
425 2924 479 2980 in
519 2926 815 2995 Virginem,
850 2934 903 2979 et
930 2926 1166 2979 omnium
1202 2924 1648 2995 gratiavirtutum

98 3009 461 3051 sacrosanctum
496 2994 848 3050 habitaculum
878 2996 928 3048 in
956 2995 1182 3048 adventu
1207 2997 1222 3024 ‘
1251 2994 1343 3047 Dei
1376 2994 1646 3061 implente,

98 3066 285 3147 dub-ium
317 3084 419 3121 non
453 3077 553 3147 est.
569 3068 863 3147 caelestium
890 3066 1280 3147 gaudiorumet
1304 3074 1517 3147 {clerate
1542 3063 1652 3147 dul-

99 3137 273 3207 cedinis
295 3154 452 3207 quam
486 3138 673 3190 miram
716 3146 875 3205 atque
901 3133 1308 3207 inenarrabilem
1337 3133 1650 3207 suavitatem

103 3206 237 3277 Virgo
262 3203 369 3278 ipsa
387 3208 659 3276 concepit,
678 3203 887 3278 quando
913 3206 1039 3259 illud
1056 3214 1318 3278 :eternum
1336 3203 1510 3258 lumen
1529 3218 1650 3278 cum

100 3274 197 3330 toto
208 3274 494 3355 maiestatis
515 3274 624 3355 suae
646 3274 848 3347 fulgore
871 3277 927 3355 in_
939 3291 1056 3330 eam
1072 3274 1368 3355 descendit,
1386 3283 1438 3355 et
1453 3288 1617 3355 quem
1629 3275 1649 3306 ¹

101 3364 185 3401 non
210 3344 341 3417 capit
366 3347 620 3413 mundus,
640 3344 804 3401 totum
830 3362 889 3401 se
916 3348 1051 3417 intra
1077 3347 1280 3417 viscera
1301 3344 1519 3417 virginis
1536 3344 1649 3417 col—

102 3414 284 3474 locavit.
304 3419 573 3497 Audacter
590 3418 889 3486 pronuntio,
909 3416 1047 3497 quod
1067 3430 1174 3497 nec
1186 3416 1299 3497 ipsa
1316 3415 1469 3483 plene
1484 3414 1653 3497 expli-

102 3502 202 3543 Care
225 3492 405 3557 potuit,
427 3488 571 3558 quod
589 3484 781 3557 capere
805 3484 988 3558 potuit.
1010 3486 1114 3558 sed
1143 3485 1342 3554 Spiritu
1358 3493 1544 3558 sancto
1558 3484 1654 3558 do-

101 3554 236 3613 cente
254 3554 516 3614 didicerat
536 3560 611 3613 sic
638 3554 730 3612 sua
757 3554 851 3627 per
878 3557 1233 3627 humilitatem
1244 3565 1455 3627 tegere.
1474 3554 1654 3627 surgit

102 3643 223 3691 mox.
244 3639 293 3684 et
312 3629 627 3685 conscendit
648 3629 697 3681 in
715 3624 963 3682 montana
978 3627 1193 3681 Judaeaa.
1216 3625 1364 3681 Unde.
1382 3624 1651 3680 Elizabeth

103 3698 275 3768 Spiritu
301 3711 492 3755 sancto
521 3699 744 3778 repleta,
774 3699 943 3767 qualis
971 3705 1244 3778 et.qt_i.anta
1271 3705 1413 3777 esset
1438 3694 1653 3778 quaead

101 3784 149 3821 se
170 3781 374 3825 venerat
402 3770 639 3840 agnovit,
673 3777 728 3823 et
753 3783 912 3840 quam
937 3783 996 3823 se
1026 3768 1295 3840 indignam
1324 3768 1451 3840 ejus
1469 3768 1653 3820 visita-

105 3841 225 3895 tione
247 3836 531 3909 judicafet,
552 3840 757 3908 aperuit
772 3836 964 3909 dicens
992 3854 1006 3889 :
1042 3836 1189 3909 Unde
1209 3837 1471 3909 hoetmilti,
1492 3846 1549 3909 u_t
1569 3852 1652 3891 ve-

102 3910 188 3962 niat
203 3905 348 3964 mater
366 3910 573 3965 Domini
589 3905 683 3962 inci
698 3908 765 3961 ad
777 3925 852 3961 me
869 3908 891 3961 .’
918 3906 1051 3961 Ecce
1068 3906 1116 3973 (Ι
1122 3908 1205 3960 bid
1212 3948 1248 3972 .,
1266 3905 1355 3975 45)
1371 3916 1475 3961 etc.
1508 3906 1655 3975 Tunc

103 3980 162 4032 ait
195 3981 381 4047 Maria,
434 3979 735 4050 Magniﬁcat
781 3980 951 4032 anima
1000 3994 1111 4050 mea
1149 3974 1420 4050 Dominum
1468 3974 1650 4050 (Mitt,

102 4050 219 4127 46)ἰ
246 4045 838 4127 Vidisti_majestatem;
880 4049 1101 4127 gustasti
1138 4048 1448 4127 suavitatem
1484 4045 1650 4127 :_ideo

102 4117 221 4187 (ιιιοά
265 4123 402 4177 intus
446 4117 739 4184 hauseras,
773 4117 911 4173 foras
955 4118 1277 4189 propinasti,
1308 4125 1364 4189 et
1402 4117 1451 4169 in
1493 4117 1654 4184 justi-

104 4191 163 4243 tia
203 4192 307 4260 ejus
354 4192 639 4247 exsultasti
692 4208 703 4242 :
758 4190 889 4253 Quia
938 4187 1198 4260 exsultavit
1244 4187 1449 4260 spiritus
1493 4202 1653 4260 meus.

104 4256 268 4332 Anima
311 4263 651 4332 magnificat,
698 4259 1208 4332 dspiritustexstdtat.
1261 4256 1328 4311 Et
1371 4257 1561 4332 iterum
1592 4256 1653 4325 ³,

107 4328 149 4400 in
172 4330 269 4385 Deo
298 4326 511 4386 salu'tari
540 4348 646 4384 meo
687 4326 873 4400 (Ibid,
901 4330 1013 4396 47).
1048 4330 1187 4384 Deus
1216 4326 1499 4397 potentiam
1520 4368 1535 4393 ,
1565 4341 1653 4382 sa-

105 4396 267 4478 lutaris
303 4396 722 4478 misericordiam
765 4408 931 4478 notat.
964 4401 1102 4478 _Duo_
1135 4396 1330 4478 quippe
1377 4405 1501 4478 sunt
1516 4412 1655 4478 .qute

108 4472 401 4539 Angetorum
443 4482 499 4527 et
534 4472 805 4525 hominum
841 4470 979 4525 beati
1025 4466 1341 4539 spiritus—fin
1385 4467 1474 4521 illo
1514 4466 1657 4539 fonte

108 4536 213 4611 boni
242 4551 435 4597 aeterna
462 4542 907 4611 contemplatione
935 4536 1215 4611 hauriunt;
1245 4536 1656 4611 incomprehen-

108 4610 253 4666 sibilis
286 4615 489 4668 scilicet
532 4607 782 4680 majcstas
830 4611 941 4675 Dei,
986 4620 1038 4664 et
1087 4608 1369 4664 inetl‘abilis
1404 4607 1653 4680 bonitas:

108 4694 307 4745 quorum
346 4685 572 4739 alterum
617 4677 819 4735 castum
866 4681 1107 4735 timorem
1147 4687 1386 4749 generat,
1431 4677 1656 4733 alterum

111 4749 418 4808 dilectionem
464 4754 619 4823 parit.
656 4753 756 4806 Pro
803 4750 1093 4823 majestate
1118 4758 1437 4823 venerantur
1469 4750 1655 4816 Deum,

111 4830 156 4871 et
182 4838 265 4888 pro
291 4820 523 4878 bonitate
560 4830 775 4876 amant:
808 4837 873 4875 ne
906 4822 986 4875 vel
1026 4820 1241 4875 dilectio
1268 4820 1383 4874 sine
1411 4834 1660 4874 reveren-

113 4890 167 4959 tia
193 4893 437 4948 dissoluta
462 4896 553 4955 sit,
578 4894 660 4947 vel
686 4892 979 4948 reverentia
1022 4892 1138 4946 sine
1168 4890 1447 4945 dilectione
1474 4904 1657 4959 poena—

114 4957 184 5013 lis.
211 4963 537 5019 Admirantes
568 4965 706 5017 enim
736 4963 977 5032 diligunt,
1006 4972 1060 5016 et
1083 4962 1359 5030 diligentes
1396 4957 1662 5032 admiran-

114 5037 300 5102 lttrzut
347 5030 851 5102 inexstinguibiliter
894 5048 985 5100 per
1030 5032 1429 5102 admirationem
1478 5030 1660 5102 ardeat

111 5098 321 5168 dilectio,
364 5115 419 5159 et
461 5098 692 5159 suaviter
722 5104 774 5157 in
815 5098 1095 5157 dilectione
1125 5101 1325 5156 ferveat
1359 5099 1657 5155 admiratio.

116 5167 228 5244 :thll
290 5176 407 5243 quia
470 5191 591 5230 eum
648 5190 803 5244 quem
857 5173 1075 5236 vident,
1131 5171 1658 5244 perfeclccompre-

114 5238 320 5314 hcndere
375 5238 976 5314 nunquam'sul'liciunt,
1018 5245 1070 5296 in
1131 5238 1196 5296 eo
1250 5242 1396 5314 quasi
1434 5238 1661 5314 perad-

115 5311 422 5371 mirationem
451 5311 717 5385 evigilant.
745 5316 950 5380 Quanto
989 5322 1164 5367 autem
1192 5312 1544 5385 perspicacius
1577 5311 1661 5385 iu-

117 5388 324 5445 tuentar.
367 5397 509 5441 tanto
537 5380 807 5440 ardentius
852 5392 1049 5451 amant,
1091 5380 1231 5453 quod
1273 5380 1397 5436 vera
1436 5380 1662 5446 dulcedo

205 5566 330 5623 nugo
352 5560 493 5623 addit,
522 5561 647 5612 Filii.

168 5620 186 5687 ξ
208 5622 329 5682 Apud
353 5620 615 5687 Hugonem,
641 5622 784 5687 quod.

170 5680 188 5710 ³
207 5680 342 5731 locus
363 5680 619 5735 mu'tilatus'.

1755 2654 1836 2698 est
1858 2644 1874 2675 ί
1899 2661 1913 2710 ;
1943 2653 2269 2719 veraautem
2288 2646 2513 2703 dulcedo
2549 2656 2746 2719 quanto
2774 2648 3060 2717 perfectius
3084 2650 3334 2719 sentitur,

1759 2724 1907 2791 tanto
1935 2715 2337 2791 desiderabilius
2362 2715 2645 2791 appetitur.
2674 2719 2754 2791 Ad
2775 2715 2920 2774 hanc
2939 2715 3334 2791 contemplatio;

1757 2786 1839 2837 uis
1880 2786 2054 2859 lucem
2080 2785 2257 2859 maria:
2295 2785 2448 2842 mens
2489 2788 2692 2843 elevata
2724 2790 2915 2855 fuerat,
2940 2806 3059 2859 qua:
3097 2785 3334 2846 cdelestis

1795 2857 1941 2930 atria:
1968 2855 2300 2930 dulcedinem
2323 2859 2381 2930 in
2412 2859 2645 2930 verbis”,
2664 2860 2927 2930 expressit
2956 2855 3110 2930 quam
3139 2859 3328 2915 inelfa-

1799 2926 1935 2999 iliter
1979 2926 2397 2999 comprehendit.
2440 2928 2571 2983 Nam
2602 2926 2824 2985 course
2853 2926 3195 2999 magnificare
3233 2930 3335 2986 Do-

1759 2997 1959 3049 minum
1990 2996 2272 3065 perhibuit,
2302 2999 2651 3053 venerandam
2673 2999 2693 3030 ³
2723 2996 2981 3054 universis
3023 3001 3209 3055 mterni
3236 3016 3335 3057 nu—

1758 3066 1917 3119 minis
1964 3069 2293 3135 majestatem
2342 3069 2548 3124 interna
2596 3069 2796 3124 visione
2839 3072 3077 3125 contueri
3121 3086 3180 3125 se
3218 3086 3337 3126 ma-

1759 3135 1949 3190 nifeste
2000 3137 2317 3204 declaravit;
2372 3154 2492 3194 cum
2542 3155 2669 3194 vero
2719 3154 2779 3193 se
2827 3139 2879 3193 in
2924 3156 3021 3194 suo
3054 3142 3336 3197 exsultare

1758 3206 1976 3282 salutari
2014 3209 2274 3282 asseruit,
2304 3219 2513 3282 gustum
2558 3224 2615 3264 se
2646 3210 2866 3264 interute
2895 3209 3186 3282 dulcedinis
3210 3226 3336 3282 per-

1758 3276 1968 3349 cepisse
2013 3278 2262 3349 ostendit.
2308 3276 2468 3334 Unde
2519 3288 2798 3349 utrumque
2844 3280 3078 3349 professa
3119 3276 3227 3345 est;
3279 3289 3336 3336 et

1759 3345 2039 3402 Dominum
2080 3357 2134 3403 et
2161 3347 2488 3419 salvatorem
2522 3367 2533 3401 :
2566 3358 2621 3403 ut
2650 3345 2747 3419 pro
2773 3345 3031 3418 potestate
3059 3365 3157 3419 qua
3187 3353 3335 3407 omni

1759 3429 1869 3471 suae
1906 3427 2163 3473 creatura:
2196 3418 2519 3483 dominatur,
2547 3418 2668 3489 jure
2705 3421 3041 3474 metuendum
3079 3418 3334 3476 ostende-

1760 3495 1845 3560 ret
1870 3504 1884 3553 ;
1917 3503 2018 3560 pro
2038 3489 2274 3560 bonitate
2301 3503 2452 3554 vero,
2485 3492 2604 3558 quia
2635 3489 3048 3560 misericorditer
3074 3490 3333 3560 quosdam

1760 3557 1948 3622 salvat,
1990 3558 2206 3628 dignum
2246 3557 2528 3614 dilectione
2554 3559 3002 3615 demonstraret‘.
3047 3557 3253 3614 veritas
3279 3560 3334 3615 in

1760 3628 2004 3692 Domino,
2050 3637 2104 3683 et
2142 3628 2195 3683 in
2237 3630 2511 3684 Salvatore
2546 3630 2927 3684 misericordia.
2956 3628 3162 3685 Veritas
3190 3632 3334 3685 enim

1760 3697 1825 3752 ad
1858 3699 2136 3754 Dominum
2167 3701 2417 3769 pertinet,
2449 3700 2808 3755 misericordia
2844 3710 3018 3754 autem
3056 3700 3119 3753 ad
3148 3701 3334 3755 Salva-

1762 3778 1964 3831 torem;
2011 3771 2061 3823 in
2091 3772 2309 3825 veritate
2338 3779 2513 3825 servat
2540 3779 2773 3825 tenorem
2797 3769 3035 3837 justilize.
3066 3769 3196 3836 Quia
3242 3786 3337 3824 au-

1761 3848 1866 3893 tem
1894 3850 1949 3894 et
1976 3839 2218 3909 quaedam
2243 3841 2474 3896 errantia
2501 3841 2730 3909 gratuito
2755 3840 2821 3892 ad
2847 3841 3007 3909 vitam
3031 3839 3251 3909 colligit,
3279 3849 3337 3894 et

1761 3919 1971 3990 reparat
1992 3908 2057 3963 ad
2086 3910 2429 3990 salvationem
2447 3924 2462 3972 ;
2482 3908 2783 3990 propterea
2805 3908 3336 3990 magniﬁcatuuspof

1761 3977 1983 4043 minum,
2003 3988 2085 4059 ἐξ
2112 3981 2446 4059 'ertstiltamtts
2481 3977 2548 4059 in_
2572 3977 2784 4059 salutari
2812 3996 2825 4031 :
2849 3977 3334 4059 quiaquibuslest

1762 4048 2049 4103 reverenda
2066 4048 2257 4118 judicis
2273 4049 2492 4117 justitia,
2517 4047 2787 4118 dulciseat
2811 4046 3167 4118 misericordia
3184 4047 3203 4078 ⁸
3216 4046 3335 4102 Sal-

1760 4119 1992 4181 vatoris,
2041 4116 2317 4187 propterea
2363 4117 2530 4188 inquit
2578 4117 2773 4188 Maria,
2815 4116 3111 4188 Magni/teat
3152 4120 3324 4171 artium

1760 4204 1872 4242 mea
1896 4185 2189 4253 Dominum,
2218 4198 2266 4243 et
2290 4185 2556 4243 exsultavit
2583 4187 2787 4256 spiritus
2812 4185 2948 4240 meus
2975 4188 3029 4239 in
3060 4185 3164 4240 Deo
3192 4188 3336 4241 salu-

1763 4260 1860 4313 tari
1887 4276 2015 4313 meo.
2050 4257 2195 4313 Unus
2228 4268 2281 4314 et
2306 4258 2443 4313 idem
2469 4258 2685 4327 spiritus
2712 4266 2766 4311 et
2804 4257 2869 4311 ad
2909 4271 2967 4312 se
3012 4256 3181 4326 ipsum
3223 4258 3337 4326 spi-

1762 4330 1895 4385 ritus
1913 4329 2123 4394 dicitur,
2146 4337 2200 4383 et
2215 4329 2279 4383 ad
2305 4343 2499 4397 corpus
2526 4328 2721 4381 anima.
2752 4327 3012 4397 Spiritus'
3039 4327 3335 4383 naturalem

1762 4400 2090 4469 Spiritualem
2119 4399 2301 4455 habuit
2325 4399 2749 4462 admirationem,
2773 4397 2945 4452 anima
2962 4398 3292 4469 corporalem
3320 4418 3334 4454 :

1762 4467 1929 4541 quare
1974 4471 2149 4525 anima
2195 4469 2386 4525 dicitur
2430 4470 2665 4541 Spiritus,
2711 4480 2764 4522 et
2805 4483 2836 4523 e
2885 4482 3164 4541 converso.
3215 4467 3337 4522 Ideo

1764 4536 1938 4597 anima
1968 4541 2219 4607 lmmana,
2245 4541 2366 4611 quia
2388 4548 2442 4595 et
2462 4536 2583 4595 esse
2611 4540 2661 4611 in
2682 4552 2912 4611 corpore
2930 4536 3167 4611 babet__et
3188 4548 3337 4611 extra

1763 4626 1977 4682 corpus,
2011 4606 2435 4688 animadvocatur
2470 4618 2524 4688 et
2567 4606 2804 4688 spiritus.
2845 4608 3034 4662 Anima
3064 4606 3257 4688 dicitur
3284 4607 3338 4662 in

1765 4678 2016 4752 quantum
2047 4691 2129 4737 est
2156 4683 2262 4736 vita
2288 4680 2531 4752 corporis
2550 4678 2823 4752 ;_spiritus
2851 4688 3050 4752 autem,
3083 4678 3134 4752 in
3168 4693 3340 4746 quan-

1767 4747 1875 4808 fum
1901 4762 1983 4808 est
2006 4754 2029 4786 ⁸
2046 4752 2334 4807 substantia
2357 4747 2662 4819 spiritualis’.
2688 4748 2743 4802 In
2760 4762 2869 4819 qua
2896 4747 3001 4819 vita
3025 4748 3197 4819 anima
3216 4762 3341 4819 per-

1764 4823 1929 4891 ditur,
1960 4833 2020 4878 ut
2046 4823 2264 4891 spiritus
2283 4816 2458 4875 salvus
2480 4822 2585 4884 tiat,
2616 4832 2737 4872 eum
2758 4816 2875 4891 haec
2892 4816 3001 4871 vita
3026 4817 3340 4891 despicitur,

1766 4903 1825 4949 ut
1853 4887 2254 4964 posunoduma
2285 4892 2397 4964 Deo
2420 4890 2525 4964 vita
2566 4898 2763 4964 aeterna
2791 4887 3075 4964 tribuatur.
3115 4887 3219 4942 Sed
3250 4904 3344 4964 suo

1767 4957 2075 5029 nominavit,
2126 4963 2247 5033 quia
2284 4962 2339 5015 in
2380 4959 2598 5014 salutari
2641 4973 2759 5013 suo.
2804 4957 3152 5028 Omnipotens
3194 4959 3340 5014 enim

1830 5057 2056 5167 262230,“
2065 5052 2180 5118 quia
2208 5053 2368 5117 ipsum
2405 5050 2570 5101 videre
2601 5062 2770 5100 sonere
2792 5054 2880 5113 est,
2918 5054 2963 5101 et
3004 5048 3132 5113 quod
3154 5048 3344 5101 videtur

1830 5131 1832 5142 ν
1945 5129 2014 5166 oe
2062 5154 2073 5164 .

1767 5117 1973 5167 dulcedo
1988 5122 2073 5167 est.

1829 5181 1847 5209 ³
1870 5180 2002 5229 Addit
2023 5185 2175 5239 Hugo,
2198 5174 2296 5227 suis
2316 5180 2415 5225 tam
2439 5171 2740 5224 mirabiliter.

1831 5241 1851 5307 ξ
1876 5240 2013 5307 Alias,
2039 5233 2337 5291 reddendam
2356 5244 2452 5307 ;tet
2472 5249 2604 5306 mox,
2623 5233 2852 5307 numeris.
2933 5295 2945 5306 .
3016 5302 3044 5307 _
3114 5291 3143 5307 ν,

1828 5302 1850 5333 ⁸
1873 5302 2001 5351 Adde
2026 5313 2089 5350 ex
2112 5308 2309 5363 Hugone
2327 5334 2341 5358 ,
2372 5302 2628 5363 sanequia
2648 5302 2878 5363 universa:
2899 5302 2988 5345 via:
3006 5302 3344 5363 portantium-

1768 5364 1983 5432 ricofdia
1996 5369 2040 5414 et
2063 5352 2478 5432 veritas,_perfecta
2500 5352 2603 5409 laus
2625 5365 2694 5409 est
2992 5361 3037 5405 et
3058 5352 3343 5403 salvatorem

1769 5424 2000 5536 cogﬁltieri,
2025 5421 2323 5534 cuntlu‘gerftas
2338 5421 2407 5481 in,
2424 5428 2542 5482 etc.,
2562 5421 2931 5471 emendetur.

1922 5500 2035 5536 uao.
2061 5499 2138 5535 cm
2254 5519 2266 5531 .

1833 5502 1851 5519 ο
1885 5502 2035 5549 ungo,
2061 5502 2266 5535 σιηιιυει.
2854 5539 2864 5549 .
2951 5535 2962 5546 ,

1833 5550 1852 5580 ⁸
1886 5550 2034 5607 Idem,
2073 5552 2118 5597 et
2147 5545 2442 5597 exsuuanter
2472 5540 2762 5595 observanda
2798 5533 3147 5590 misericordia.

1832 5614 1850 5643 "
1888 5619 2034 5660 Locus
2055 5610 2362 5673 depravatus.
2526 5664 2557 5673 η

1832 5674 1853 5705 ⁸
1888 5681 2021 5735 nugo
2044 5664 2171 5731 add.,
2192 5668 2371 5719 ratione
2396 5664 2621 5729 prmdita.

152 5763 559 5830 .(a)‘Ex_llug0IliS
598 5768 822 5817 Victorini
862 5771 1081 5830 tractatu
1133 5775 1280 5830 super
1323 5761 1597 5830 Magniﬁca
1633 5778 1651 5812 ι

1765 5766 1863 5822 rpta
1908 5769 1997 5819 per
2056 5756 2292 5803 incertum
2327 5751 2627 5809 scriptorem,
2662 5744 2749 5806 qui
2780 5750 2909 5805 Opus
2946 5740 3159 5805 Hugouis
3196 5748 3340 5803 eam

121 5824 239 5884 είιιω
260 5824 511 5880 tardissime
526 5831 739 5892 corrupit
756 5836 807 5877 et
822 5827 977 5889 capite
1001 5839 1057 5876 ac
1077 5825 1310 5876 membris
1329 5824 1583 5875 truncavit.
