3842 6266
561 319 693 374 H59

556 433 696 487 Deus
737 440 1000 501 potestate
1027 447 1130 502 qua
1162 433 1425 488 universae
1466 441 1722 488 creaturae
1758 446 1866 486 suae
1897 431 2140 486 domina-

555 515 658 566 tur,
701 503 955 557 Dominus
988 507 1225 557 omnium
1262 514 1375 568 est;
1408 504 1502 558 sed
1533 505 1728 572 pietate
1752 519 1854 571 qua
1885 503 2142 571 quosdam

555 584 780 636 tantum,
831 584 884 627 et
922 589 1028 628 non
1063 589 1269 636 omnes,
1319 575 1382 628 ad
1412 575 1573 626 vitam
1623 583 1853 643 reparat,
1899 575 2145 627 Salvator

551 645 788 702 omnium
827 646 845 675 ¹
881 659 984 698 non
1027 655 1129 698 est.
1173 645 1301 698 Nam
1355 644 1647 698 dominatio
1688 645 1803 711 ejus
1845 644 1908 697 ad
1954 657 2156 712 omnes.

550 717 822 784 aequaliter
843 717 1092 782 respicit;
1118 716 1326 770 bonitas
1346 730 1474 768 vero
1501 714 1565 767 ad
1588 714 1845 783 quosdam
1875 722 2076 767 tantmn
2097 716 2140 767 ².

553 787 691 856 Ergo
723 787 872 840 beata
904 786 1063 855 Virgo
1089 802 1158 854 qu
1183 800 1212 840 a
1261 785 1600 853 singulariter
1629 799 1686 838 se
1731 786 1954 838 electam
1991 786 2142 837 vide-

551 858 660 917 bat,
689 859 812 924 quia
839 858 1177 926 singulariter
1217 858 1438 924 gratiam
1470 864 1770 924 acceperat,
1799 858 1946 921 quasi
1978 856 2140 923 privi-

550 929 692 996 legio
719 928 945 996 quodam
992 927 1266 983 electionis
1295 926 1489 980 divinae
1518 929 1852 984 conﬁrmata.
1887 926 2142 980 liduciali-

551 1008 634 1052 ter
662 999 833 1066 ipsum
862 1013 1022 1066 quem
1064 1013 1160 1066 pro
1189 998 1358 1050 salute
1396 997 1576 1050 mundi
1607 997 1770 1049 lilium
1799 1006 2137 1066 conceperat,

547 1083 702 1122 suum
724 1071 879 1122 etiam
897 1084 1014 1121 cum
1035 1069 1266 1122 laetitiact
1286 1067 2138 1123 exsultationeSalvatoremvoeat.

527 1175 588 1210 ._7
621 1140 755 1204 Quia
793 1140 1010 1210 respexit
1038 1139 1366 1192 humilitatem
1397 1140 1598 1192 ancilla:
1635 1154 1742 1191 sua:
1771 1138 1918 1210 (an.
1949 1155 1988 1197 ι,
2023 1139 2137 1204 48).

547 1207 673 1263 Haec
695 1219 775 1262 est
801 1225 958 1264 causa
978 1209 998 1240 ³
1022 1210 1392 1263 exsultationis
1415 1225 1546 1272 suae,
1579 1210 1698 1275 quia
1724 1207 1940 1278 respexit
1965 1210 2137 1262 humi-

547 1280 740 1332 litatem
773 1280 976 1334 ancillae
1019 1295 1123 1335 sua:
1151 1295 1253 1334 :ac
1281 1281 1323 1334 si
1349 1279 1510 1338 dicat,
1539 1280 1671 1347 Quia
1713 1279 1780 1334 de
1825 1281 1938 1348 ejus
1966 1286 2138 1347 gratia

547 1352 771 1414 exsulto,
809 1352 926 1406 itleo
960 1351 1027 1404 ab
1053 1352 1166 1419 ipso
1205 1360 1287 1403 est
1311 1349 1452 1420 quod
1494 1351 1704 1404 exsulto
1732 1368 1743 1401 :
1778 1361 1830 1402 et
1861 1351 1984 1419 quia
2019 1351 2138 1418 ejus

547 1420 686 1476 dona
724 1433 940 1490 propter
972 1423 1140 1489 ipsum
1172 1421 1349 1490 diligo,
1383 1422 1504 1474 ideo
1529 1423 1578 1474 in
1609 1423 1722 1489 ipso
1757 1425 1987 1475 exsulto.
2030 1421 2136 1477 lic-

549 1500 764 1560 spectus
792 1494 879 1545 Dei
907 1493 1074 1546 tribus
1117 1492 1286 1544 modis
1329 1493 1496 1558 accipi
1529 1490 1734 1552 solel“;
1771 1492 2012 1545 videlicet
2046 1509 2132 1546 sc-

548 1562 780 1616 cundum
820 1564 1198 1629 cognitionem,
1233 1563 1520 1614 secundum
1565 1563 1804 1629 gratiam,
1841 1562 2131 1616 secundum

522 1632 822 1700 judicium.
856 1634 928 1687 De
951 1634 1120 1700 primo
1145 1634 1488 1700 Apostolus“,
1516 1633 1699 1684 Omnia
1723 1633 1857 1684 nuda
1888 1641 1933 1686 et
1955 1643 2134 1694 aperta

545 1713 661 1756 sunt
699 1704 858 1758 oculis
897 1706 1005 1772 ejus
1033 1702 1214 1769 (Hebr.
1247 1720 1316 1768 tv,
1350 1703 1457 1768 l3).
1491 1703 1593 1756 Sed
1620 1720 1710 1769 per
1741 1704 1963 1769 gratiam
1997 1704 2133 1757 Deus

544 1788 650 1844 non
681 1788 868 1826 omnes
895 1775 1108 1840 respicit
1140 1793 1151 1827 :
1180 1773 1324 1842 quia,
1370 1773 1514 1824 Oculi
1547 1774 1948 1844 Dominisnper
1965 1775 2135 1844 justos

543 1842 718 1913 (Psal.
753 1859 942 1908 xxrtttt,
975 1843 1083 1913 16).
1113 1856 1215 1897 e'c.
1256 1845 1327 1896 De.
1355 1844 1509 1895 tertio
1539 1844 1587 1894 iu
1623 1845 1726 1895 line,
1752 1842 1978 1905 dicetur,
2012 1842 2132 1897 Ne-

531 1914 648 1965 scio
683 1930 768 1966 vos
795 1913 1008 1980 (Matth.
1041 1930 1132 1970 vu.
1165 1913 1278 1981 ‘23).
1307 1913 1452 1966 Oculi
1491 1913 1694 1966 Domini
1726 1913 1893 1966 bonos
1923 1925 1976 1968 et
2021 1930 2134 1967 ma-

524 1983 626 2034 'lns
660 1985 1106 2053 contemplautur.
1135 1983 1330 2038 Videre
1359 1983 1468 2036 Deo
1507 1998 1600 2051 per
1638 1985 2016 2051 cognitionem,
2048 1993 2133 2038 est

546 2052 676 2106 nihil
691 2052 1005 2120 eorumnum
1017 2063 1139 2109 sunt
1152 2054 1393 2117 ignorare
1409 2071 1420 2106 :
1435 2054 1615 2108 videre
1629 2054 1976 2122 pergratiatu,
1991 2055 2132 2110 dona

543 2126 918 2178 misericordiae
955 2122 1492 2189 itupcndcrezvidere
1527 2136 1622 2188 per
1643 2122 2120 2188 judicium,.uuum

531 2210 808 2264 niuemque
837 2193 1129 2248 secundum
1160 2207 1320 2262 opera
1362 2206 1456 2245 sua
1492 2192 1575 2245 vel
1604 2191 1670 2244 ad
1696 2191 1916 2261 gloriam
1947 2193 2026 2246 vel
2055 2193 2122 2247 ad

546 2263 755 2331 poenam
787 2265 1074 2321 destinare.
1123 2264 1406 2333 Respicere
1453 2264 1571 2334 plus
1603 2272 1695 2334 est
1723 2278 1880 2332 quam
1920 2263 2118 2318 videre.

541 2335 827 2402 Ilcspicere
875 2352 968 2404 per
1009 2336 1229 2405 gratiam
1247 2336 1288 2405 ἒ,
1335 2343 1415 2388 est
1447 2333 1606 2405 prius
1650 2333 1885 2401 abjectos
1926 2344 1979 2388 et
2024 2334 2120 2390 de-

543 2406 756 2459 relictos
804 2404 1035 2460 visitare.
1078 2404 1211 2459 Cum
1243 2404 1377 2457 bona
1411 2404 1644 2471 placatus
1671 2420 1765 2473 per
1811 2405 2116 2458 miscricor-

543 2476 682 2528 diam
711 2477 975 2530 subtracta
1008 2476 1255 2538 restituit,
1286 2490 1496 2527 rursum
1535 2489 1633 2544 per
1672 2485 1970 2542 respectum
1997 2491 2121 2545 gra-

544 2545 628 2598 tiae
655 2547 718 2597 ad
745 2562 864 2600 eum
904 2560 962 2599 se
1006 2546 1275 2600 convertit
1320 2545 1462 2597 Bene
1502 2560 1628 2612 ergo
1671 2545 1829 2598 Maria
1871 2546 2036 2598 solam
2068 2547 2119 2600 in

541 2613 894 2670 humilitatem
915 2617 932 2646 ⁷
957 2615 1238 2670 Dominum
1268 2615 1567 2682 respexisse
1595 2624 1837 2680 testatur,
1883 2617 2003 2683 quia
2033 2617 2118 2670 di-

527 2685 775 2754 _‘vinitatis
833 2687 1290 2755 propitiatiouetu,
1336 2701 1495 2754 quam
1552 2686 1776 2739 humana
1829 2698 2012 2740 natura
2065 2687 2118 2742 in

539 2757 727 2824 primis
769 2756 1075 2824 parentibus
1114 2770 1208 2825 per
1248 2756 1552 2820 superbiam
1582 2756 1828 2823 perdidit,
1878 2757 1927 2810 iu
1956 2757 2118 2812 Maria

539 2841 635 2894 per
657 2827 1000 2882 humilitatem
1027 2825 1375 2893 recuperavit.
1403 2825 1531 2878 Nam
1563 2827 1686 2895 quia
1719 2827 1768 2879 in
1797 2841 1858 2880 ea
1888 2828 2115 2884 Verbum

526 2895 711 2960 ,Patris
761 2897 1033 2965 corporis”
1077 2895 1421 2951 substantiam
1467 2911 1623 2965 quam
1669 2896 1769 2950 sibi
1816 2897 1989 2950 uniret
2027 2912 2117 2951 as-

538 2968 782 3036 sumpsit,
805 2968 962 3088 guasi
988 2965 1054 3022 ad
1082 2982 1198 3022 eam
1223 2981 1378 3035 quam
1388 2964 1553 3088 dprius
1579 2965 1846 3035 abiecerat
1875 2978 2115 3023 naturam

539 3036 798 3088 subliman
841 3052 923 3088 am
966 3053 1061 3088 ner
1112 3037 1386 3088 misericor
1427 3037 1529 3088 iam
1579 3037 1831 3088 respexit.
1877 3036 2008 3088 Quia
2058 3053 2115 3088 se

529 3036 923 3096 sublimandam
966 3053 1061 3105 per
1112 3036 1529 3097 miscricordiam
1579 3037 1831 3104 respexit.
1877 3036 2008 3102 Quia
2058 3053 2117 3093 se

527 3107 880 3164 humilitatis”
911 3108 1048 3172 quod
1092 3116 1207 3161 erat
1249 3107 1492 3160 ancillam
1520 3107 1784 3175 cogitavit,
1819 3107 1938 3162 ideo
1973 3109 2115 3177 quod

540 3193 646 3233 non
677 3187 810 3244 erat,
842 3177 1178 3232 sublimitatis
1203 3187 1371 3230 mater
1391 3192 1510 3230 esse
1531 3178 1725 3232 meruit
1749 3195 1761 3228 :
1793 3178 1915 3246 quia
1939 3177 2116 3234 humi-

533 3247 740 3304 litatem
763 3249 993 3303 ostendit
1033 3248 1302 3302 servitutis
1315 3248 1384 3299 -¹⁰.
1417 3246 1656 3302 Servitus
1686 3257 1912 3316 quatuor
1941 3250 2113 3304 modis

540 3317 793 3373 variatur.
825 3319 1122 3374 Secundum
1154 3318 1508 3372 conditionem
1536 3319 1782 3383 servitus,
1806 3334 1907 3387 qua
1935 3321 2112 3378 etruria

538 3387 732 3458 divinae
762 3389 1001 3442 servituti
1041 3389 1234 3444 debent
1260 3389 1636 3444 esse-obnoxia
1668 3405 1680 3441 :
1717 3390 1837 3458 quia
1876 3405 2009 3457 opus
2036 3391 2113 3445 fa-

537 3457 672 3512 ctori
713 3473 811 3512 suo
849 3459 948 3513 hoc
975 3475 1041 3514 ex
1071 3459 1374 3513 conditione
1403 3474 1496 3512 sua
1523 3458 1700 3523 debet,
1728 3457 1868 3528 Quod
1893 3459 2008 3528 ejus
2033 3461 2114 3516 di-

539 3528 820 3598 spositioni
848 3528 1199 3598 obtemperet,
1229 3539 1282 3582 et
1313 3529 1548 3598 instituta
1579 3538 1862 3598 sequatur;
1893 3539 1950 3589 ut
1977 3532 2114 3586 sicut

539 3544 566 3582 s
607 3544 820 3582 OStltODl
848 3544 1199 3598 outetnperct,
1229 3544 1282 3582 et
1313 3544 1548 3582 instituta
1579 3544 1862 3598 sequatur;
1893 3544 1950 3589 ut
1977 3544 2109 3586 sicut

536 3544 607 3652 ag
636 3599 750 3668 ipso
779 3597 973 3652 factum
1009 3608 1111 3660 est,
1143 3600 1212 3656 ita
1245 3615 1348 3654 non
1379 3599 1476 3654 nisi
1505 3597 1571 3652 ab
1597 3599 1712 3665 ipso
1741 3609 1793 3652 et
1820 3601 2109 3655 secundum

537 3669 712 3793 ipsum
757 3668 984 3723 incedat.
1037 3669 1337 3723 Secundum
1372 3669 1740 3723 necessitatem
1774 3670 1882 3723 Deo
1911 3672 2112 3728 servire

576 3739 786 3793 icuntur
813 3754 989 3793 pravae
1010 3741 1326 3793 voluntates.
1356 3754 1472 3793 uuae
1497 3753 1617 3793 cum
1646 3739 1762 3793 eius
1787 3739 2110 3793 iussionibus

576 3739 786 3794 icuntur
813 3754 989 3808 pravae
1010 3741 1326 3804 voluntates,
1356 3754 1472 3808 quae
1497 3753 1617 3794 eum
1646 3739 1762 3806 ejus
1781 3739 2110 3808 jussionibus

534 3810 804 3879 contraire
833 3810 1085 3881 nitantur,
1110 3825 1202 3878 per
1231 3808 1548 3881 inell'abiletn
1579 3818 1756 3865 tamen
1785 3810 1900 3880 ejus
1921 3811 2110 3881 dispe-

530 3881 780 3952 sitionem
811 3879 1101 3946 aretantur,
1131 3889 1188 3934 ut
1214 3881 1287 3934 nil
1314 3881 1428 3934 sine
1462 3879 1578 3952 ejus
1606 3889 1732 3936 nutu
1753 3881 1824 3952 ad
1855 3879 2102 3940 ellectum

531 3949 829 4022 perducere
875 3961 1111 4022 queant:
1143 3952 1380 4022 serviunt
1419 3950 1670 4022 nolentes
1714 3950 1830 4017 ejus
1877 3952 2108 4020 disposi-

535 4021 686 4091 tioni,
715 4023 804 4089 qui
832 4021 1069 4076 volentes
1095 4020 1318 4089 subjecti
1345 4035 1450 4074 non
1481 4030 1604 4076 sunt
1624 4021 1787 4086 ipsius
1816 4031 2104 4091 praecepto.

535 4089 778 4145 Servitus
818 4106 938 4145 cum
990 4093 1203 4155 timore,
1242 4099 1328 4145 est
1372 4091 1582 4160 quando
1621 4091 1796 4146 divina
1820 4089 2105 4160 praecepta

531 4177 639 4217 non
670 4177 732 4215 ex
755 4161 1036 4217 dilectione
1056 4161 1358 4229 implemus,
1383 4161 1476 4214 sed
1497 4177 1558 4214 ex
1589 4161 1886 4220 formidine.
1910 4161 2107 4228 Quarta

531 4233 762 4290 servitus
789 4241 890 4294 est,
928 4231 1139 4300 quando
1166 4230 1464 4287 voluntarie
1506 4231 1621 4298 ejus
1655 4232 1982 4300 jussionibus
2007 4235 2106 4289 oh-

529 4311 911 4371 temperamus,
957 4303 1078 4370 quia
1125 4301 1295 4369 ipsum
1340 4302 1427 4370 qui
1465 4301 1616 4370 jubet
1664 4303 1950 4371 diligimus,
2003 4320 2106 4364 nee

529 4372 670 4444 aliud
714 4374 765 4437 in
798 4383 976 4426 nostra
1025 4373 1300 4434 servitute,
1325 4382 1482 4444 extra
1529 4372 1721 4440 ipsum,
1750 4374 2103 4444 commodum

529 4441 838 4513 Quaerimus,
866 4457 1023 4511 quam
1055 4452 1111 4493 ut
1140 4441 1430 4513 secundum
1449 4441 1630 4513 ipsum
1658 4443 2011 4506 ambulantes,
2035 4446 2103 4500 ad

528 4511 701 4584 ipsum
751 4511 1394 4584 pervenire“valeamus.
1441 4511 1759 4584 Servitutetn
1810 4513 2101 4584 secundum

526 4581 886 4640 conditionem
935 4593 1181 4652 parentes
1231 4581 1399 4642 nostri
1449 4582 1503 4640 in
1543 4583 1793 4651 paradiso
1830 4582 2103 4643 Conditori

534 4656 791 4710 exhibere
835 4651 1142 4715 noluerunt,
1165 4651 1379 4722 quando
1429 4653 1480 4706 in
1527 4652 1824 4720 superbiam
1852 4653 1974 4708 elati
2006 4654 2104 4710 de-

464 4764 467 4766 -
525 4735 949 4792 Spexeruntesse
974 4723 1076 4780 sub
1098 4724 1209 4788 illo,
1240 4723 1304 4777 ad
1332 4723 1472 4792 quod
1497 4725 1537 4756 ¹²
1565 4723 1770 4779 fuerant
1785 4724 2016 4785 conditi;
2049 4734 2104 4780 et

529 4796 815 4864 voluerunt
858 4795 1098 4865 perversi
1160 4810 1280 4851 esse
1335 4797 1387 4850 in
1442 4794 1718 4861 majestate
1774 4795 2099 4862 coasitniies,

521 4865 610 4935 qui
639 4878 744 4919 non
785 4875 937 4920 erant
984 4868 1033 4926 in
1076 4875 1262 4930 natura
1291 4866 1524 4936 aequales
1542 4865 1604 4918 “.
1630 4865 1739 4922 Eva
1775 4879 1876 4937 per
1909 4880 2101 4937 super-

582 4997 599 5028 ί
635 4995 766 5059 Apud
790 5003 1040 5058 nugonem
1056 5033 1070 5058 ,
1091 5012 1184 5048 non
1204 4998 1429 5050 omnium.

579 5060 601 5090 ³
635 5065 788 5120 nugo,
813 5059 1043 5128 quosdam
1062 5066 1246 5111 ttmtum
1263 5061 1329 5112 ad
1352 5060 1656 5112 saluationem
1687 5060 1930 5112 discernit.

579 5123 601 5154 ³
632 5119 775 5169 Alias.
797 5125 972 5169 aratra.

688 5133 775 5169 tas.
797 5132 972 5169 aratra.

579 5131 601 5154 ³
632 5131 775 5179 Alias,
796 5131 972 5183 grana.

576 5183 599 5248 ξ
634 5182 763 5232 Adde
790 5194 854 5230 ex
878 5187 1097 5242 Hugone,
1120 5181 1173 5230 in
1190 5189 1602 5248 mscnptura.

573 5245 596 5277 ⁸
628 5251 777 5294 Locus
798 5249 1063 5292 truncatus.

575 5306 598 5337 ⁸
630 5313 682 5356 Et
704 5306 781 5356 hic
802 5304 936 5355 locus
957 5309 1224 5366 corruptus.

575 5369 597 5438 ἶ
632 5366 971 5438 11930.5"?-

571 5431 593 5462 ⁸
626 5430 766 5490 Alias,
791 5430 968 5480 carnis.

570 5492 592 5525 ’
625 5487 779 5556 ungo,
804 5490 1049 5542 humiliter
1065 5503 1084 5555 ;
1101 5497 1154 5542 et
1187 5502 1318 5553 mox,
1343 5487 1625 5541 sublimiter.

572 5554 618 5586 ¹⁰
651 5559 798 5604 Locus
818 5567 1033 5604 mancus.

898 5568 1033 5605 DCUS.

572 5615 615 5680 ff
650 5622 803 5680 nugo,
825 5616 1112 5680 pertingere.

572 5677 617 5747 ἓξ
650 5674 798 5747 Εςιθῖιιέ
817 5674 855 5747 ,ὶι
877 5674 1066 5747 qtto_,"_et
1091 5692 1220 5740 mox,
1249 5689 1470 5747 peruerse
1493 5689 1604 5727 cum
1619 5674 1744 5747 illo.

531 5763 542 5774 -
566 5737 619 5772 ³³
646 5744 784 5807 βμεο
815 5737 898 5790 hie
913 5737 1048 5791 addit
1073 5737 1443 5795 :Conua'nienter
1462 5753 1579 5807 ergo
1612 5737 1776 5804 gratia
1807 5737 1970 5795 cum
2007 5751 2090 5789 τε·

2004 314 2364 374 APPENDIX.

3638 339 3737 394 Ηίι)

2254 439 2394 492 biant
2423 439 2719 486 creaturam
2753 431 2842 486 Dei
2865 445 2922 486 se
2950 447 3072 489 esse
3093 442 3145 487 et
3168 448 3299 502 opus
3331 435 3420 489 Dei
3444 454 3536 490 non
3563 447 3745 499 CDllSltle.

2253 523 2398 567 rans,
2432 504 2540 556 Deo
2570 503 2827 571 parilicari
2859 503 3056 566 voluit;
3100 505 3254 559 Maria
3302 517 3470 560 autem
3505 523 3587 563 suo
3613 511 3747 571 lat-tun

2253 577 2525 632 humiliter
2553 590 2609 626 se
2653 573 2886 628 subdens
2915 575 3160 628 ancillam
3201 591 3256 629 sc
3300 577 3570 632 nominavit
3596 598 3607 632 :
3633 585 3747 638 ctial-

2217 684 2224 694 .
2251 650 2394 703 circo
2440 645 2525 698 illa
2552 644 2790 717 _ahjecta.
2830 653 2886 698 et
2934 646 3045 698 haec
3083 645 3244 699 electa
3276 656 3375 701 est.
3405 648 3657 717 Superbam
3685 657 3750 708 tle.

2250 721 2442 786 spexit,
2467 715 3065 789 ctrhumilenrtespexit
3098 735 3109 770 :
3139 718 3186 770 id
3223 718 3358 789 quod
3387 715 3588 787 superba
3623 728 3751 789 per-di-

2250 785 2347 855 dit,
2381 787 2596 842 hutuilis
2645 787 2863 856 recepit.
2912 787 3031 839 ldeo
3075 789 3168 853 ait,
3214 785 3749 854 Respexit—humilitatem

2250 861 2451 914 ancilla:
2480 873 2585 912 sum
2603 859 2642 908 ¹.
2669 856 2772 912 Sed
2798 859 2932 910 servi
2967 859 3055 912 Dei
3084 858 3365 926 aliquando
3393 876 3502 913 cum
3529 865 3657 915 etiam
3680 866 3749 919 litt-

2248 932 2525 986 mililatcm
2569 927 2783 993 habent,
2819 928 3238 982 humiliationctu
3268 947 3370 982 non
3418 931 3618 998 habent;
3653 951 3748 990 tutat-

2248 1018 2406 1071 quam
2439 1017 2564 1071 vero
2595 998 3013 1071 hutuiliationem
3054 1000 3169 1053 sine
3198 1001 3502 1056 humilitate.
3534 1004 3749 1060 Humilita-

2248 1070 2354 1127 tem
2386 1072 2499 1125 sine
2532 1070 2895 1124 hutuiliationc
2923 1071 3136 1135 habent,
3179 1073 3264 1139 qui
3290 1072 3416 1124 licet
3443 1089 3599 1126 coram
3625 1077 3748 1132 lmini-

2248 1144 2402 1197 nibus
2433 1141 2558 1195 l‘oris
2585 1139 2934 1208 despicabiles
2976 1155 3080 1194 non
3122 1153 3431 1210 appareant,
3472 1144 3594 1198 intus
3620 1159 3746 1202 tatusn

2246 1213 2563 1268 humilitatis
2606 1212 2852 1264 meritum
2883 1227 3061 1266 coram
3095 1211 3202 1264 Deo
3253 1213 3545 1268 inviolatum
3587 1232 3750 1272 conser-

2243 1294 2392 1337 vant.
2437 1283 2576 1350 Ergo
2621 1281 2781 1334 Maria
2811 1281 3112 1353 quaciapud
3158 1283 3322 1336 Deum
3357 1283 3554 1338 humilis
3580 1298 3684 1353 erat,
3714 1302 3750 1344 et

2245 1355 2381 1422 apud
2426 1353 2670 1406 liot‘uincs
2702 1364 2917 1420 jll‘OplCl‘
2945 1352 3109 1426 Deum
3141 1353 3372 1426 abjeeta,
3398 1356 3454 1426 in
3498 1352 3678 1426 utroque
3711 1380 3749 1414 δε

2245 1440 2366 1479 esse
2398 1433 2693 1497 respectant
2714 1432 2951 1497 testatur
2981 1442 2992 1475 :
3023 1424 3142 1497 quia
3169 1425 3365 1497 eteius
3397 1424 3632 1480 humilitas
3653 1432 3748 1497 apud

2252 1497 2416 1568 Dcutn
2447 1493 2794 1568 iacccptaliilis
2838 1495 2952 1557 fuit,
2983 1505 3036 1546 et
3081 1494 3195 1568 ejus
3224 1493 3512 1568 hmuiliatio
3551 1500 3660 1568 apud
3679 1493 3750 1553 lit:—

2249 1567 2418 1619 mines
2446 1567 2494 1618 iu
2519 1564 2739 1634 gloriam
2763 1573 3103 1617 commutata.
3136 1562 3290 1619 Unde
3312 1569 3539 1634 sequitur
3565 1562 3665 1622 {Ex
3683 1573 3747 1624 hoc

2247 1636 2439 1688 beatam
2481 1652 2556 1688 me
2590 1635 2753 1687 dicent
2783 1651 2952 1706 omnes
2978 1636 3343 1703 generationes.
3387 1635 3550 1706 Usque
3584 1640 3635 1692 atl
3662 1643 3746 1695 illud

2241 1707 2380 1774 apud
2435 1707 2675 1759 homines
2731 1705 3076 1777 opprobriqu
3128 1707 3426 1777 sterilitatis
3478 1705 3742 1777 portaverat:

2241 1779 2362 1852 quia
2405 1776 3120 1852 integritatetirvirginitatis
3158 1776 3316 1852 thoro
3362 1776 3570 1834 maritali
3595 1798 3740 1852 prapo-

2243 1847 2432 1920 uehat_._
2455 1845 2558 1920 Sed
2589 1845 2744 1920 unde
2773 1845 2824 1897 in
2869 1846 3030 1920 priori
3059 1849 3406 1920 generatione
3449 1845 3620 1904 carnali
3641 1845 3742 1920 quas

2240 1917 2630 1970 maledietionis
2682 1918 2997 1970 sententiam
3055 1918 3332 1982 sustinuit,
3390 1920 3506 1976 inde
3551 1917 3664 1976 tuine
3701 1925 3744 1977 all

2237 1987 2385 2042 omni
2423 1987 3004 2056 generationcmortali
3034 1987 3461 2044 benedictionem
3486 1993 3744 2046 collaudlbi.

2239 2058 2360 2137 liter
2394 2055 2629 2137 recepit”
2659 2075 2671 2108 :
2702 2055 2824 2137 quia
2849 2057 2930 2137 Aab
2958 2057 3101 2110 onmi
3145 2063 3490 2130 generatione
3517 2078 3598 2131 pro
3621 2064 3743 2117 lruartu

2229 2125 2566 2180 fecunditatis
2591 2139 2722 2178 meae
2744 2125 2896 2179 beata
2924 2141 3104 2180 vocor.

2299 2196 2433 2262 Quia
2459 2195 2572 2264 fecit
2600 2195 2723 2248 mihi
2749 2211 2934 2264 magna
2959 2197 3044 2265 qui
3071 2204 3246 2265 potens
3271 2208 3366 2262 est,
3395 2210 3439 2253 et
3463 2213 3730 2255 sanctarum-

2225 2283 2339 2340 nten
2369 2267 2477 2340 ejus
2507 2265 2661 2340 (Luc.
2684 2281 2720 2329 t,
2749 2265 2858 2332 49).
2901 2265 3143 2340 Magnum
3177 2266 3299 2340 fuit,
3331 2279 3385 2323 ut
3413 2272 3550 2340 virgo
3574 2275 3656 2327 sine
3678 2277 3727 2325 ri-

2225 2337 2309 2407 rili
2349 2337 2566 2407 semine
2593 2336 2756 2389 lilium
2805 2337 3130 2405 conciperet.
3178 2337 3423 2407 Magnum
3453 2336 3558 2406 fuit,
3593 2355 3631 2395 ut
3661 2345 3726 2397 Dei

2227 2403 2398 2480 l’atris
2451 2406 2680 2480 Verbum
2721 2422 2880 2480 carne
2926 2403 3021 2460 sua
3058 2403 3321 2480 indutum
3367 2421 3512 2464 utero
3545 2403 3726 2480 gestaret.

2226 2477 2467 2546 Magnum
2496 2477 2609 2541 luit,
2645 2487 2699 2530 ut
2719 2477 2843 2528 dtttn
2871 2492 2930 2530 se
2953 2477 3196 2530 ancillam
3223 2480 3468 2534 confessa
3498 2477 3632 2545 esset,
3655 2500 3732 2534 ma-

2225 2555 2305 2601 ter
2335 2548 2488 2602 lieret
2528 2550 2606 2600 sui
2634 2547 2986 2615 plasmatoris.
3043 2547 3140 2612 Qui
3168 2559 3345 2617 potens
3373 2562 3460 2603 est.
3489 2554 3601 2617 Quia
3632 2556 3732 2605 credi

2223 2628 2403 2688 potest
2447 2619 2560 2687 ejus
2607 2618 2877 2686 potentia,
2932 2625 3198 2688 potentem
3250 2620 3493 2675 confessa
3534 2634 3604 2676 est
3637 2626 3732 2676 :snl

2219 2687 2415 2758 quanta
2456 2697 2546 2742 aut
2573 2688 2743 2759 qualis
2771 2687 3146 2754 comprehendi
3173 2707 3279 2742 non
3313 2702 3496 2759 potest.
3537 2693 3733 2746 uiriles-ta

2217 2756 2306 2814 est
2344 2756 2653 2828 potentiam,
2681 2756 2946 2812 discutere
2991 2774 3093 2812 non
3124 2756 3493 2830 praesumpsit;
3523 2766 3623 2830 quia
3645 2766 3732 2816 sain'

2223 2845 2328 2883 non
2370 2830 2654 2884 convenit3
2699 2837 2893 2897 quanta
2942 2837 3044 2893 est,
3087 2831 3208 2896 quia
3254 2832 3457 2884 inﬁnita
3498 2835 3733 2887 est.Dume

2217 2901 2361 2968 quod
2394 2899 2632 2973 praevidit
2675 2913 2734 2973 se
2769 2900 3045 2973 facturum,
3093 2899 3242 2973 facit;
3295 2919 3396 2955 nec
3437 2904 3610 2973 aliquid
3633 2904 3732 2972 quod

2217 2985 2326 3028 non
2354 2971 2596 3039 praevidit
2625 2970 2736 3024 lteri
2765 2983 2868 3022 non
2890 2968 3130 3032 dubium,
3151 2971 3242 3025 sed
3267 2973 3386 3026 lieri
3415 2968 3614 3027 necesse
3631 2968 3729 3027 se.

2219 3039 2378 3094 Maria
2408 3056 2509 3094 non
2547 3041 2640 3112 ait,
2687 3041 2740 3092 in
2771 3053 2828 3094 se
2851 3049 3017 3112 aaut,
3063 3040 3115 3112 in
3147 3056 3267 3106 me;
3303 3054 3415 3109 aut,
3448 3059 3536 3112 per
3559 3060 3628 3098 me
3651 3046 3733 3112 {rt-it

2213 3127 2403 3180 magna
2427 3127 2444 3164 :
2465 3110 2563 3164 sed
2590 3111 2778 3179 inquit,
2805 3109 2946 3162 mihi.
2971 3109 3120 3177 Quod
3141 3113 3285 3165 enim
3312 3115 3363 3166 in
3391 3109 3460 3166 ea'
3476 3115 3534 3168 ad
3553 3109 3731 3167 omnium

2215 3184 2442 3236 salutem
2488 3181 2684 3235 factum
2731 3190 2832 3242 est,
2877 3181 2978 3234 hoc
3019 3181 3297 3251 privilegio
3345 3184 3647 3238 dilectionis‘
3685 3185 3728 3236 ad

2213 3251 2333 3320 ejus
2357 3253 2578 3321 gloriam
2601 3251 2940 3320 singulariter
2968 3262 3048 3305 est
3069 3252 3397 3307 ordinatum.
3419 3254 3480 3308 Et
3501 3256 3604 3310 ideo
3620 3256 3726 3317 dixit,

2218 3323 2440 3392 niagua‘
2466 3339 2478 3376 :
2503 3323 2624 3392 quia
2669 3324 2980 3391 mysterium
3017 3323 3400 3378 incarnationis
3428 3324 3574 3378 Verbi
3611 3340 3727 3392 super

2213 3391 2393 3448 omnia
2443 3391 2652 3463 constat
2697 3407 2816 3447 esse
2857 3391 3139 3448 iueﬂ‘abile.
3188 3393 3335 3448 Nihil
3379 3397 3516 3450 enim
3557 3391 3728 3463 unquam

2217 3470 2384 3533 magis
2411 3465 2604 3518 mirum
2629 3462 2824 3518 factum
2853 3471 2958 3526 est,
2983 3478 3140 3531 quam
3171 3473 3228 3518 ut
3257 3465 3403 3520 Deus
3433 3469 3570 3520 heret
3594 3462 3724 3529 homo,

2213 3542 2275 3605 et
2315 3544 2504 3588 natura
2561 3534 3109 3602 incomprehensibilis
3153 3537 3398 3605 corporis
3447 3537 3725 3589 SlilsL’lﬂllﬂltl

2213 3603 2315 3658 sibi
2343 3606 2422 3658 sic
2450 3605 2642 3665 uniret.
2685 3613 2740 3658 ut
2769 3618 2868 3659 uec
2894 3605 3068 3658 minus
3111 3606 3160 3658 in
3189 3603 3264 3659 ea
3285 3614 3452 3671 esset,
3487 3607 3594 3675 quia
3629 3607 3666 3660 in
3687 3620 3726 3658 se

2213 3685 2330 3746 erat
2359 3676 2648 3746 immensa;
2675 3690 2775 3729 nec
2802 3675 2978 3728 minor
3003 3676 3054 3728 in
3079 3689 3141 3729 se
3170 3677 3445 3734 existeret.
3473 3679 3582 3746 quia
3607 3678 3645 3730 in
3663 3677 3723 3729 illa

2213 3743 2348 3798 fuit"
2379 3753 2577 3798 creata.
2609 3745 2732 3815 llaac
2759 3759 2888 3815 ergo
2913 3755 3036 3799 sunt
3073 3760 3282 3814 magna.
3314 3747 3381 3800 Et
3420 3743 3532 3801 ideo
3556 3756 3724 3799 structura

2214 3817 2544 3887 nomenejus.
2576 3814 2712 3880 Quid
2739 3821 2822 3870 est
2836 3831 3046 3887 quernea
3059 3816 3208 3883 ejus?
3237 3816 3402 3871 Fama
3428 3819 3537 3887 ejus
3563 3818 3641 3885 la).
3659 3816 3723 3868 No

2209 3900 2335 3940 men
2365 3886 2500 3954 ejus,
2540 3886 2770 3953 cognitio
2799 3885 2913 3953 ejus
2944 3904 2954 3938 :
2981 3886 3133 3951 lides,
3170 3902 3366 3942 nomen
3389 3885 3518 3956 ejus.
3547 3887 3637 3941 Hoc
3658 3900 3724 3938 ao-

2212 3971 2334 4014 men
2350 3967 2591 4010 sanctum
2617 3965 2699 4010 est
2716 3971 2835 4010 cum
2862 3957 3080 4020 sanctis;
3104 3972 3220 4010 cum
3245 3959 3446 4011 sumtis
3465 3959 3677 4027 gloriatur
3691 3956 3720 4016 ³,

2211 4041 2240 4078 a
2265 4027 2464 4080 sanctis
2486 4027 2842 4090 benedicitur,
2864 4041 2893 4078 a
2923 4028 3183 4094 perversis
3203 4027 3587 4095 blaSphematur
3607 4045 3616 4080 :
3637 4027 3720 4094 quia

2211 4095 2335 4150 (litim
2371 4097 2597 4151 Verbum
2631 4097 2687 4150 in
2711 4112 2873 4167 carne
2914 4098 3165 4161 nascitur,
3205 4097 3376 4167 gloria
3403 4099 3490 4152 Dei
3516 4113 3598 4167 per
3627 4095 3720 4149 Ver-

2210 4167 2334 4222 bum
2359 4167 2410 4221 iu
2435 4167 2736 4221 hominibus
2762 4166 3078 4220 declaratur.

2286 4237 2350 4290 Et
2378 4238 2717 4308 misericordia
2740 4239 2846 4308 ejus
2874 4253 2919 4308 ar
2935 4238 3165 4305 progenie
3192 4239 3244 4290 in
3274 4239 3528 4307 progenies
3553 4235 3717 4290 timeri.

2210 4309 2299 4362 bus
2319 4324 2429 4361 eum
2451 4306 2768 4376 (lbid.,50).‘
2801 4306 2996 4370 Mariae,
3027 4309 3234 4376 inquam
3253 4347 3269 4370 ,
3305 4306 3445 4368 fecit.
3472 4325 3565 4361 non
3592 4316 3718 4358 tanien

2208 4379 2562 4448 singulariter,
2579 4379 2670 4448 sed
2683 4378 2774 4436 uni
2797 4378 3141 4432 excellentem
3164 4390 3514 4432 verumtamen
3532 4377 3718 4431 omnibus

2208 4447 2558 4522 themati-base
2581 4447 2756 4522 Nemo
2793 4464 2835 4522 au
2861 4449 3024 4522 gratia
3073 4448 3369 4522 excluditur
3396 4452 3434 4500 ⁸.
3491 4447 3716 4522 Potentiae!

2209 4519 2323 4588 fecit
2343 4520 2396 4571 in
2422 4519 2621 4572 brachio
2647 4535 2756 4579 suo,
2785 4519 3019 4584 dispersit
3046 4519 3282 4586 superbos
3304 4531 3464 4573 urente
3481 4519 3622 4571 cordis
3645 4519 3716 4566 uti.

2211 4587 2368 4669 (1.
2381 4590 2537 4669 xiii}:
2554 4589 2681 4643 Haec
2704 4589 2792 4669 illa
2811 4589 3189 4669 misericordia,
3215 4606 3370 4658 quam
3387 4589 3658 4669 timentibus
3675 4598 3715 4636 se

2207 4659 2445 4713 exhibuit
2487 4661 2662 4714 Deus:
2695 4661 2815 4727 quia
2850 4659 3074 4712 Verbum
3119 4674 3269 4712 suum
3313 4676 3409 4728 per
3450 4664 3715 4723 assumpta!!!

2206 4743 2420 4786 carnem
2451 4731 2503 4783 iu
2538 4730 2676 4783 hunc
2705 4729 2956 4782 mundum
2997 4731 3159 4795 misit,
3192 4741 3247 4783 ut
3274 4745 3368 4798 per
3392 4731 3549 4798 ipsum
3572 4737 3713 4779 aereas

2206 4809 2495 4872 potestates
2521 4801 2717 4868 potenti
2747 4802 2940 4853 virtute
2966 4800 3282 4872 debellaret,
3319 4809 3372 4872 et
3395 4815 3550 4872 genus
3572 4800 3712 4872 htlnltl:

2206 4866 2333 4924 iam
2359 4871 2425 4924 ab
2449 4866 2632 4924 earum
2652 4879 2911 4938 potestate
2938 4870 3241 4925 redimeret.
3261 4869 3360 4939 Ipsi
3386 4866 3516 4924 cnim
3540 4866 3708 4939 superbi

2205 4951 2348 5007 sunt,
2372 4956 2504 5011 quos
2517 4936 2767 5010 dispersit
2787 4940 2945 5006 Deus,
2969 4940 3186 5010 ejiciuis
3207 4936 3299 4996 eos
3319 4941 3451 4995 foras
3475 4955 3501 4994 a
3516 4936 3709 4996 cordibus

2265 5121 2282 5150 ²
2319 5117 2538 5177 Quaedam
2557 5118 2635 5180 hic
2659 5131 2721 5180 ex
2749 5125 2951 5180 nugone
2973 5115 3253 5180 supplenda.

2262 5183 2284 5212 υ
2317 5155 3336 5242 ἥδξδ’,ωῆῑὲἶᾶανδεδίῖιῇῖῖὶὖηῖῖῧὶῖᾶἦάιισ
3361 5191 3379 5227 :
3409 5187 3501 5227 tum
3532 5171 3700 5238 quam

2201 5243 2349 5292 habet
2373 5241 2448 5291 hic
2469 5241 2802 5291 desideranda.

2265 5305 2286 5336 ν
2317 5311 2468 5365 nugo,
2503 5315 2596 5352 non
2617 5308 2780 5366 potest.

2261 5366 2285 5398 δ
2313 5339 2971 5434 iié‘éi’ui'é'i
2981 5371 3266 5426 pertractata
3278 5360 3476 5415 oonsrde.

2262 5429 2283 5460 ⁸
2315 5435 2466 5475 Ituao.
2491 5425 2743 5475 electionis.

2263 5439 2283 5460 υ
2316 5439 2466 5488 ungo,
2491 5439 2743 5476 etecnoms.

2263 5489 2284 5520 ⁸
2317 5489 2444 5536 Adde
2470 5502 2532 5536 ex
2558 5495 2773 5548 Hugone,
2796 5499 2883 5536 nec
2898 5485 3090 5536 addidit
3110 5484 3286 5548 qualia.

2260 5551 2282 5583 ⁷
2316 5558 2466 5612 nugo,
2488 5551 2644 5612 fuerat
2667 5554 2780 5597 tota.
2811 5607 2821 5612 Α
2905 5607 2915 5612 Α
2981 5606 3023 5612 __
3453 5601 3466 5612 ι
3553 5597 3590 5612 υ

2262 5612 2284 5645 ⁸
2318 5597 2468 5674 nugo;
2488 5597 2602 5674 ’φάο
2620 5624 2650 5659 a
2671 5607 2845 5661 srmctis
2865 5606 3190 5672 gloriﬁcatur;
3217 5617 3315 5658 tum
3339 5601 3532 5668 quadam
3551 5597 3615 5646 ωε
3641 5600 3688 5642 εἴ

2198 5675 2303 5737 ipso
2324 5671 2605 5744 supplenda.
2651 5733 2662 5743 ο
2868 5671 2873 5672 ⁷
2915 5729 2925 5740 ,
2991 5671 2995 5672 ⁷
3155 5730 3165 5739 .

2259 5737 2282 5797 ε
2315 5734 2457 5797 abas,
2485 5731 2748 5797 tenentibus
2767 5737 2952 5797 negatio
2968 5731 3260 5797 excluditur.

2261 5795 2336 5860 (α)
2360 5793 2459 5849 vid.
2484 5794 2569 5851 tib.
2593 5796 2659 5848 de
2894 5793 3040 5864 vitiis.
