3842 6266
557 261 698 321 116⁸1

557 375 921 447 plangendus;
974 373 1068 430 sed
1118 372 1505 447 desiderandus
1555 387 1676 447 enim
1733 371 2134 447 moderatione,

558 443 950 504 cum'sciamus
991 459 1091 501 nos
1128 447 1274 515 ipsos
1301 443 1672 500 accedentibus
1697 443 2025 512 temporibus
2053 457 2141 498 se-

555 528 797 574 ουιιιι-οε.

631 589 805 658 Terge
845 586 1007 654 igitur
1046 586 1310 658 lacrymas
1331 627 1345 649 ,
1377 584 1671 658 intermitte
1697 583 1958 658 suspiria,
1989 596 2138 658 com-

557 653 1014 730 pescegemitus,
1044 671 1077 711 ο
1109 653 1316 730 fidelis;
1354 664 1408 709 et
1437 671 1534 726 pro
1565 655 1668 730 hac
1698 653 1908 708 tristitia
1937 653 2139 730 saluta-

557 722 674 786 rem
729 722 874 784 illam
927 727 1086 782 indue
1140 722 1451 789 tristitiam,
1505 724 1686 793 utique
1739 738 1896 794 quam
1951 722 2142 778 beatus

558 799 852 870 Apostolus
878 796 1175 870 secundum
1202 796 1516 870 Deum_e_s_s_e
1538 794 1891 870 memoravit,
1919 808 2036 870 qua;
2057 807 2142 848 sa-

554 863 722 926 lutem
754 867 996 928 stabilem
1025 867 1163 920 solet
1185 867 1392 934 operari
1415 865 1493 935 (ll
1527 864 1646 918 Cor.
1672 863 1896 935 vu,lO)
1921 879 1936 928 ;
1960 865 2141 932 utique

554 937 926 1010 paenitentiam
967 936 1256 1010 facinorum
1295 935 1734 1010 commissorum._
1765 934 2016 1010 Scrutare
2046 949 2138 1010 pe:

553 1005 677 1066 ctus
701 1018 872 1071 tuum,
901 1007 1168 1076 propriam
1193 1005 1528 1076 interrogans
1555 1006 1936 1060 conscientiam
1962 1045 1977 1071 ,
2007 1013 2062 1059 et
2090 1005 2136 1058 si

554 1078 802 1136 invenias
834 1075 1031 1147 aliquid
1062 1075 1423 1147 paenitendum
1452 1077 1470 1146 (
1496 1077 1737 1147 invenies
1776 1085 1952 1147 autem
1976 1115 1992 1147 _.
2019 1090 2138 1147 cum

552 1152 633 1205 sis
672 1144 1089 1218 homo);’trahe
1117 1147 1343 1216 suspiria
1372 1146 1426 1218 iu
1464 1144 1834 1218 confessione,
1867 1144 2026 1218 funde
2063 1145 2140 1199 la-

552 1234 768 1291 crymas
793 1215 1138 1291 iu'orationc,
1163 1215 1570 1291 e5to_s_ol_|icitu_s
1591 1215 1659 1270 de
1685 1225 1856 1270 morte
1882 1215 1968 1291 illa
1991 1229 2136 1291 ve_ra,

551 1285 634 1345 de'
652 1304 806 1358 poena
833 1288 1043 1351 animae,
1079 1295 1197 1342 esto
1225 1287 1483 1358 sollicitus
1513 1286 1579 1340 de
1609 1294 1848 1354 peccato,
1877 1286 2015 1358 sicut
2041 1285 2141 1340 Da-

549 1356 665 1417 ‘id
689 1359 819 1412 dicit
847 1375 860 1412 :
895 1358 1146 1424 Quoniam
1189 1357 1530 1427 iniquitatem‘
1549 1373 1712 1409 meum
1757 1356 2027 1427 pronuntio
2048 1396 2064 1420 ,
2092 1363 2141 1408 et

551 1430 802 1485 sollicitus
827 1445 911 1482 ero
949 1443 1040 1497 pro
1068 1424 1284 1496 peccato
1308 1443 1417 1480 meo
1451 1429 1469 1496 (
1494 1424 1639 1497 Psal.
1671 1424 1851 1480 mm
1873 1466 1886 1490 ,
1914 1425 1981 1480 19
2004 1425 2021 1494 )
2043 1441 2060 1497 ς
2086 1434 2143 1480 et

552 1516 663 1556 nou
693 1499 760 1553 de
786 1495 1024 1566 corporis
1051 1495 1208 1566 hujus
1231 1495 1509 1566 temporali
1529 1495 1876 1550 dissolutione
1903 1495 2142 1550 terrebe-

556 1572 656 1637 ris,
683 1569 823 1639 quod
854 1583 950 1623 suo
977 1575 1216 1639 tempore
1242 1567 1294 1639 iu
1323 1568 1513 1621 melius
1541 1567 1648 1620 Deo
1673 1566 2140 1639 jubenterepara-

555 1633 722 1697 bitur'.
745 1639 876 1695 Vide
901 1633 1348 1708 quemadmodum
1370 1647 1654 1706 utrumque
1674 1633 1940 1708 sententia
1961 1633 2140 1708 divina

549 1712 828 1780 complexa
851 1705 951 1768 esi,
978 1707 1162 1762 (licens
1188 1725 1200 1760 :
1235 1705 1381 1780 Venit
1407 1708 1534 1761 liora
1556 1705 1671 1780 cum
1693 1707 1881 1760 mortui
1907 1707 1992 1776 qui
2018 1714 2136 1760 sunt

549 1787 605 1836 in
628 1778 963 1849 monumentis
983 1788 1266 1849 resurgent.
1286 1779 1423 1833 Ecce
1449 1778 1727 1849 securitas,
1752 1791 1877 1831 ecce
1898 1784 2141 1849 contem-

549 1861 676 1923 ptus
706 1850 911 1923 mortis.
940 1848 1042 1923 Set!
1069 1845 1195 1918 quid
1226 1848 1502 1923 sequitur?
1528 1846 1627 1923 Qui
1654 1847 1786 1900 bona
1813 1849 2057 1923 fecerunt,
2087 1845 2141 1899 in

549 1917 967 1976 resurrectionem
995 1917 1140 1981 vitta;
1165 1919 1252 1986 qui
1275 1917 1599 1988 antemnam
1627 1917 1852 1988 egerunt,
1877 1919 1934 1988 in
1958 1931 2134 1988 resur-

549 1993 825 2047 rectionem
861 1990 1044 2058 judirii
1069 1988 1263 2058 (.Ioan.
1293 1987 1477 2053 v,.28,
1517 1986 1627 2055 29)
1654 1986 1666 2039 ἑ
1690 2001 1817 2042 ecce
1859 1986 2142 2040 diversitas

551 2059 968 2130 resurgentium.
1015 2057 1242 2130 omnem
1282 2058 1496 2127 quidem
1536 2071 1758 2130 necesse
1796 2065 1880 2111 est
1920 2071 2140 2130 carnem

549 2125 838 2200 resurgere
860 2128 1120 2200 duntaxat
1143 2125 1425 2200 humanam
1451 2144 1464 2181 :
1495 2127 1588 2182 sed
1609 2127 1788 2200 bonus
1809 2135 2054 2200 resurget
2074 2125 2141 2180 ad

549 2197 740 2280 xitum,
769 2199 939 2254 malus
963 2208 1204 2280 resurget
1224 2197 1297 2280 ad.
1313 2213 1548 2280 pinnam,
1576 2197 1718 2252 sicut
1743 2197 1998 2280 scriptum
2020 2205 2136 2279 est:

551 2270 682 2327 Ideo
707 2287 807 2324 non
831 2277 1090 2338 resurgent
1119 2267 1259 2337 impii
1282 2268 1334 2322 in
1351 2269 1573 2338 judicio,
1597 2284 1755 2332 neque
1776 2267 2140 2338 peceatoresin

549 2342 768 2419 concilio
793 2341 808 2372 ⁸
826 2335 1088 2410 justorum
1114 2339 1132 2409 (
1156 2335 1302 2419 Psal.
1334 2335 1371 2419 ι,
1395 2337 1492 2410 5).
1524 2337 1596 2394 Ut
1622 2352 1756 2419 ergo
1778 2335 1967 2419 nonin
1992 2335 2140 2419 judi-

547 2412 693 2469 cium
735 2407 1131 2480 resurgamus,
1156 2407 1459 2465 intermissa
1496 2407 1709 2462 mortis
1733 2407 1941 2462 tristitia
1966 2407 2139 2480 illam

549 2477 920 2554 paenitentiam
955 2488 1009 2532 et
1035 2480 1306 2554 tristitiam
1334 2493 1607 2554 sumamus
1627 2519 1642 2543 ,
1675 2487 1729 2534 et
1753 2477 2139 2554 curam_bono-

547 2547 670 2610 i‘um
700 2565 921 2620 operum
947 2564 1010 2605 ac
1035 2549 1154 2620 vitae
1184 2549 1423 2620 melioris
1446 2547 1758 2613 habeamus,
1781 2558 1836 2603 et
1857 2548 1924 2602 ad
1948 2548 2048 2620 hoc
2070 2547 2141 2601 sit

548 2623 708 2679 nobis
743 2619 1000 2692 cogitatio
1047 2619 1202 2692 hujus
1251 2619 1452 2674 funeris
1498 2629 1554 2673 et
1579 2620 1888 2692 cadaveris,
1917 2627 1977 2692 ut
2003 2619 2023 2649 '
2042 2633 2140 2672 nos

546 2691 804 2751 mortales
821 2688 953 2746 'esse
995 2689 1301 2744 noverimus
1323 2730 1338 2756 ,
1380 2699 1436 2744 et
1461 2703 1556 2760 per
1580 2688 1717 2746 hanc
1741 2689 2138 2761 cogitationem,

611 2828 635 2920 ς
667 2825 1092 2937 gtsusélscribitur,
1121 2821 1334 2875 consilio.

739 2922 770 2947 .,
795 2922 859 2937 ν..

3107 163 3182 176 -.ρμ
3197 165 3220 173 η.
3264 147 3316 174 ⁵ο..

2025 256 2388 315 ΑΡΡΕΝΒΙΧ.
3655 273 3750 332 “68

2245 374 2469 446 salutem
2496 383 2756 435 nostram,
2787 372 2914 446 dum
2945 381 3153 446 tempus
3183 382 3288 438 est,
3316 375 3435 432 dum
3464 379 3600 446 licet.
3628 390 3743 443 mim-

2243 459 2331 499 me
2356 445 2684 515 negligemus
2709 462 2720 498 :
2747 445 2956 500 scilicet
2977 455 3065 498 aut
3089 445 3469 502 fructificantes
3496 451 3542 504 in
3569 445 3717 511 melius

2241 524 2335 569 aut
2362 504 2707 570 emendantes
2743 515 2788 568 si
2837 515 3143 584 ignorantes
3173 519 3502 573 erravimus:
3529 504 3746 584 uigili};

2244 586 2606 660 praeoccupati
2625 584 2712 638 die
2737 586 2946 660 mortis,
2975 600 3283 660 quaeramus
3306 591 3521 656 Spatium
3541 599 3744 660 βωιιῑιρη.

2243 653 2354 721 tiae,
2382 665 2436 711 et
2463 653 2567 709 non
2596 655 3131 739 invenire-possimus
3155 671 3171 719 ;
3197 653 3492 739 quaeramus
3513 653 3746 739 eleemosy-

2244 740 2342 804 nas
2367 740 2604 796 erogare,
2626 733 2693 804 _et
2716 723 3025 781 satisfacere
3050 740 3147 797 pro
3178 723 3409 796 delictis,
3435 745 3522 786 nec
3547 737 3661 804 quod
3681 723 3746 794 to

2244 796 2419 851 lumus
2444 795 2784 850 concedatur.

2313 866 2538 922 Ostensa
2559 868 2737 936 igitur,
2769 865 2993 938 iratres,
3026 867 3218 923 mortis
3244 872 3529 926 communis
3547 874 3747 938 ‘,ostensa

2243 936 3031 1019 lacry_marutn_interdictione,
3060 947 3360 1019 monstrata
3389 936 3601 998 veterum
3621 946 3746 1003 adhuc

2243 1006 2532 1078 fragilitate
2569 1017 2624 1062 et
2662 1022 2767 1063 non
2795 1006 3216 1063 Christianitatis
3256 1009 3450 1065 virtute
3472 1054 3486 1078 ,
3521 1026 3747 1071 monstrato

2245 1077 2455 1148 Domini
2483 1085 2820 1133 sacramento
2845 1086 2900 1132 et
2925 1079 3308 1148 Apostolorum
3339 1079 3404 1136 dc
3433 1077 3745 1144 resurrectione

2243 1146 2567 1204 documento
2585 1190 2600 1215 ,
2632 1146 3065 1204 commemoratis
3093 1151 3470 1217 Apostolorum
3495 1154 3687 1218 aclibus,
3709 1171 3745 1212 et

2244 1231 2535 1290 martyrum
2561 1219 2914 1290 passionibus,
2944 1229 3164 1274 ostenso
3186 1231 3441 1289 praeterea
3468 1222 3605 1278 David
3619 1241 3747 1283 exem-

2243 1288 2466 1358 plo,‘et
2504 1289 2718 1360 gentilis
2763 1289 2994 1360 hominis
3035 1288 3260 1358 insuper
3295 1291 3460 1354 facto,
3489 1293 3545 1347 ad
3569 1295 3743 1352 ultimum

2244 1361 2490 1428 exposita
2514 1359 2571 1415 ct
2599 1360 2756 1414 noxia
2779 1369 2834 1415 et
2859 1359 2982 1430 utili,
3003 1360 3245 1430 tristitia,
3274 1361 3359 1414 illa
3387 1377 3497 1430 quae
3520 1376 3661 1429 nocet,
3678 1369 3743 1422 ista

2243 1444 2362 1500 quae
2389 1446 2484 1499 per
2511 1430 2877 1500 paenitentiam
2908 1429 3130 1500 salvat:
3167 1429 3253 1484 his
3280 1429 3516 1486 omnibus
3539 1435 3602 1491 sic
3621 1447 3743 1492 osteo~

2244 1499 2335 1563 sis,
2365 1500 2488 1574 quid
2515 1499 2617 1555 nos
2645 1500 2822 1574 facere
2845 1500 2955 1574 jam
2978 1499 3130 1574 aliud
3154 1509 3391 1574 oportet_,
3415 1502 3582 1558 fratres
3599 1547 3611 1571 ,
3632 1523 3739 1574 quam

2242 1571 2439 1638 gratias
2478 1579 2697 1640 agentes
2738 1571 2846 1625 Deo
2897 1571 3045 1640 Patri
3070 1571 3306 1640 dicere,
3343 1570 3456 1624 Fiat
3483 1570 3742 1630 voluntatum

2243 1640 2372 1712 sicut
2400 1642 2453 1694 in
2482 1641 2606 1694 caelo
2637 1649 2682 1693 et
2712 1641 2765 1695 in
2801 1651 2936 1712 terra
2978 1639 3212 1712 (Matth.
3246 1658 3334 1706 vr,
3372 1642 3472 1712 l0)
3501 1661 3512 1696 :
3543 1654 3586 1698 tu
3604 1645 3737 1702 dedisti
3798 1701 3799 1712 ξ

2246 1710 2445 1777 vitam,
2480 1721 2534 1765 tu
2565 1711 2885 1766 constituisti
2915 1709 3176 1778 martem;
3225 1721 3281 1765 tu
3323 1709 3515 1768 inducis
3549 1714 3591 1768 in
3623 1731 3737 1770 δεδευ-
3798 1709 3799 1756 l

2245 1779 2354 1834 lum
2375 1821 2389 1846 ,
2421 1790 2477 1836 tu
2504 1781 2686 1836 educis
2712 1780 2779 1836 de
2818 1782 3047 1847 sarculo,
3091 1790 3148 1836 et
3186 1797 3308 1835 cum
3338 1782 3566 1837 eduxeris
3585 1799 3735 1850 sertas;
3798 1783 3799 1850 ἓ

2245 1851 2377 1905 nihil
2417 1852 2566 1925 enim
2603 1851 2813 1925 deperit
2833 1859 3082 1925 tuorum,
3112 1851 3205 1925 qui
3227 1854 3582 1925 Aneccapillum
3605 1856 3733 1925 capitis

2243 1936 2428 1994 eorum
2458 1921 2632 1992 perire
2661 1920 2844 1994 dixisti
2863 1923 2882 1994 (
2889 1921 3010 1974 Luc.
3037 1920 3148 1994 xxi,
3188 1922 3298 1993 18).
3323 1920 3519 1992 Auferes
3539 1920 3734 1994 enini'spi-

2243 1993 2400 2046 ritum
2430 1990 2622 2053 eorum,
2655 2001 2701 2046 et
2730 1991 2963 2060 deﬁcient
2982 2031 2994 2054 ,
3026 2000 3074 2044 et
3101 1990 3155 2046 in
3187 1990 3375 2047 terram
3401 1990 3532 2047 suam
3553 1990 3732 2050 revertis-

2247 2071 2360 2125 tur;
2389 2063 2481 2118 sed
2519 2063 2710 2117 emittes
2745 2062 2978 2132 spiritum
3007 2071 3157 2115 tuum
3185 2072 3233 2116 et
3261 2064 3560 2127 creabantur,
3576 2075 3613 2119 et
3631 2082 3728 2120 reso-

2245 2134 2383 2203 nabis
2423 2133 2604 2202 faciem
2647 2129 2793 2203 terrae
2820 2131 2839 2203 ζ
2868 2129 3011 2203 Psal.
3036 2147 3126 2186 cut
3151 2174 3167 2198 ,
3190 2132 3283 2196 29,
3309 2133 3376 2188 30
3395 2133 3452 2203 )?
3475 2133 3578 2190 llaec
3597 2136 3728 2199 verba,
3798 2129 3799 2202 ἶ

2246 2201 2457 2268 fratres,
2487 2203 2642 2270 digna
2675 2201 2953 2267 fidelibus,
2983 2201 3098 2256 haec
3125 2201 3403 2258 medicina
3418 2204 3646 2260 salutaris:
3665 2206 3729 2260 hac
3798 2207 3799 2270 ξ

2245 2273 2464 2342 spongia
2506 2271 2888 2328 consolationis
2931 2271 3185 2326 detersus
3225 2273 3440 2335 oculus,
3470 2274 3558 2330 hoc
3589 2275 3724 2329 inimus

2244 2341 2463 2415 collyrio
2502 2342 2724 2398 rationis
2746 2383 2761 2408 ,
2794 2358 2899 2415 non
2932 2341 3091 2415 modo
3131 2345 3430 2415 cecitatem
3465 2359 3522 2415 ex
3559 2345 3727 2413 despera-

2247 2412 2520 2495 tiouenon
2546 2415 2760 2495 sentiet,
2782 2413 2886 2495 sed
2913 2427 3013 2468 nec
3039 2412 3219 2495 lippes
3247 2413 3444 2495 aliquas
3468 2412 3645 2495 tristitia
3659 2428 3729 2468 sos

2245 2484 2468 2548 tinebit;
2531 2483 2655 2554 quin
2705 2483 2881 2553 potius
2930 2483 3123 2554 oculis
3168 2483 3364 2554 cordis
3415 2483 3566 2539 lucida
3603 2495 3729 2554 cuncta

2246 2551 2564 2624 respiciens;
2586 2551 3037 2624 dicetgsecundum
3063 2568 3129 2623 pa
3140 2553 3502 2624 tientissimum
3520 2553 3726 2616 illumlob,

2246 2622 2498 2680 Dominus
2522 2625 2690 2688 dedit,
2720 2622 2963 2679 Dominus
2997 2622 3246 2690 abstulit;
3271 2625 3395 2678 sicut
3422 2622 3602 2678 Domino
3623 2626 3728 2677 sitsit

2245 2707 2340 2760 est,
2367 2696 2438 2749 ita
2466 2697 2655 2765 factum
2679 2704 2753 2749 est
2775 2710 2794 2747 :
2812 2695 3083 2765 sitquomen
3108 2692 3325 2765 Domini
3354 2692 3730 2765 benedictum(loi

2247 2783 2286 2835 ι,
2316 2766 2407 2837 2i)
2435 2763 2487 2821 in
2514 2765 2707 2821 saecula
2732 2764 3073 2820 surculorum.
3103 2763 3307 2821 Amen.

2317 2880 2334 2911 ι
2369 2885 2511 2929 Forte
2532 2877 2842 2928 addendum:
2867 2882 3014 2937 sorte,
3046 2875 3156 2938 vel,
3180 2875 3456 2929 conditione.

622 2971 702 3026 Eo
729 2971 830 3025 loci
856 2969 1049 3038 legitur
1074 2968 1211 3039 apud
1246 2967 1347 3022 PP.
1379 2968 1752 3026 Benedictinos
1780 2985 1793 3022 :
1833 2988 1852 3022 ι
1883 2969 2095 3024 Excuso
2132 2967 2252 3039 jam;
2263 2963 2543 3039 superiore
2571 2963 2734 3039 iolio__.
2763 2962 2909 3017 venit
2941 2963 3000 3039 in_
3023 2977 3222 3039 manus
3248 2972 3449 3039 nostras
3475 2963 3728 3039 Remigiaons

547 3041 743 3107 codex,
775 3033 1035 3096 annorum
1065 3033 1178 3094 fere
1205 3039 1328 3102 800.
1359 3041 1640 3095 continens
1673 3041 1900 3105 primum
1928 3057 1994 3095 ex
2021 3033 2362 3095 sermonibus
2389 3033 2816 3107 praecedentibus
2836 3048 2957 3088 cum
2985 3033 3160 3092 hocce
3187 3035 3340 3091 titulo
3369 3052 3382 3089 :
3411 3033 3571 3106 Incipit
3593 3033 3723 3089 libella

553 3114 623 3169 de
651 3103 996 3167 consolatione
1016 3111 1191 3165 mortis
1217 3110 1380 3164 sancti
1403 3110 1622 3166 Joannis
1647 3103 2204 3182 Constantinopolitani
2229 3103 2470 3179 episcopi.
2512 3123 2531 3157 ι
2651 3103 2721 3158 Μ.
3074 3126 3076 3128 τ

1074 3357 1143 3414 ΙΝ
1182 3356 1606 3416 TRACTATUM
1645 3357 1732 3412 DE
1773 3255 2137 3412 RECTlgglhfl

2251 3251 2684 3406 [gignenda
2719 3303 3336 3406 CONiERSATlONIS.

624 3471 813 3527 Exstat
840 3471 940 3525 iste
965 3477 1223 3524 tractatus
1250 3470 1302 3524 in
1330 3470 1469 3524 libro
1489 3469 1725 3526 secundo
1753 3469 1890 3524 Vitae
1917 3468 1976 3524 S.
2007 3466 2161 3538 Eligii
2201 3464 2436 3536 episcopi
2465 3463 2836 3519 Noviomensis
2857 3505 2874 3532 ,
2919 3480 3037 3536 cap.
3068 3466 3140 3521 15
3163 3507 3180 3532 ,
3211 3466 3452 3521 collectus
3475 3462 3720 3518 nimintmac

545 3561 848 3628 descriptus
877 3573 1038 3628 opera
1088 3559 1324 3612 Audoeni
1355 3558 1488 3613 Vitae
1509 3558 1746 3629 ejusdem
1777 3558 2040 3623 auctoris,
2071 3556 2160 3627 qui
2188 3555 2412 3627 piissimi
2438 3555 2683 3625 praesulis
2713 3555 2913 3610 monita
2939 3555 3003 3611 ad
3045 3557 3263 3627 plebem
3318 3573 3456 3614 suam
3494 3552 3714 3625 quotidiana

544 3664 602 3710 et
629 3651 892 3723 prmcipua
917 3649 1374 3720 comprehendere
1403 3651 1504 3707 hoc
1526 3666 1774 3708 sermone
1799 3651 2020 3707 studuit.
2043 3649 2236 3705 Diebus
2259 3665 2475 3720 namque
2499 3649 2734 3719 singulis,
2760 3649 2830 3703 ait
2857 3650 3151 3720 Audoenus,
3175 3652 3363 3722 plebem
3389 3652 3474 3706 sibi
3490 3649 3716 3704 combustam

543 3742 930 3816 infatigabiliter
954 3741 1264 3797 salutaribus
1308 3743 1512 3798 monitis
1538 3742 2018 3798 exhortabatur...”
2054 3741 2196 3796 Nam
2223 3742 2445 3797 collectis
2483 3741 2704 3811 undique
2743 3741 2812 3794 ad
2840 3741 3100 3797 ecclesiam
3130 3745 3287 3800 turbis
3327 3743 3470 3798 multa
3507 3741 3655 3812 quidem
3686 3745 3715 3788 tt

543 3853 732 3908 magna
761 3835 970 3890 breviter
1019 3835 1072 3889 in
1099 3851 1328 3889 sermone
1352 3835 1614 3906 complexa
1638 3876 1652 3900 ,
1677 3835 1766 3890 sed
1791 3837 1843 3889 in
1869 3835 2205 3904 wdiﬁeatione
2239 3833 2572 3905 spiritualiter
2594 3833 2799 3902 copiosa
2817 3874 2833 3900 ,
2876 3851 2989 3889 cum
3021 3838 3314 3908 prapltetiea
3353 3835 3522 3906 ﬁducia
3559 3833 3714 3888 mum

543 3945 734 3989 vocem,
757 3926 1104 3998 hujuscemodi
1132 3926 1199 3980 ad
1241 3943 1324 3981 eos
1355 3927 1642 3998 proferebat
1669 3927 1860 3981 monita
1887 3942 1906 3980 :
1935 3925 2077 3998 Rogo
2102 3942 2190 3980 vos
2215 3967 2230 3991 ,
2260 3929 2440 3996 fratres
2465 3923 2754 3977 charissimi
2772 3965 2788 3992 ,
2812 3934 2860 3977 et
2889 3940 3001 3979 cunt
3021 3928 3208 3997 grandi
3235 3928 3494 3982 humilitate
3519 3925 3704 3980 adiutum.

545 4030 641 4076 etc.
669 4021 1039 4090 Repraesentat
1067 4017 1189 4074 illuc
1215 4018 1502 4073 Autloenus
1527 4033 1831 4074 sermonem
1861 4018 2148 4088 integrum,
2181 4033 2352 4087 eoque
2377 4016 2524 4071 linito
2545 4016 2756 4083 subiicit
2788 4035 2801 4071 :
2836 4015 2962 4072 Hcce
2985 4021 3275 4074 summatim
3298 4020 3358 4074 de
3381 4019 3494 4072 tanti
3514 4017 3587 4071 viri
3612 4012 3708 4085 fant-

545 4100 757 4168 liaribus
787 4111 987 4165 monitis
1013 4109 1268 4177 hucusque
1320 4124 1558 4164 narrasse
1584 4109 1833 4179 sufficiat;
1860 4124 1974 4177 qua:
1997 4109 2085 4162 ille
2121 4107 2213 4163 etsi
2239 4124 2340 4161 non
2379 4105 2470 4162 sub
2499 4105 2652 4160 unius
2691 4103 2793 4159 diei
2833 4106 3048 4161 articulo
3093 4125 3158 4164 ea:
3193 4109 3364 4164 ordine
3397 4117 3446 4162 ut
3464 4106 3618 4174 digesta
3637 4106 3708 4155 sul

547 4204 890 4276 percurrebat,
923 4203 1131 4257 diversis
1162 4211 1328 4255 tamen
1368 4203 1675 4271 temporibus
1697 4200 1992 4271 hujusmodi
2017 4216 2211 4270 semper
2236 4208 2493 4270 prwcepta
2521 4196 2723 4268 populis
2760 4197 3044 4253 iutimabat.
3071 4199 3314 4256 Concinit
3341 4207 3476 4254 vetus
3499 4194 3629 4250 codex
3647 4204 3707 4243 ιιθ·

545 4305 662 4352 ster
688 4294 1065 4351 Geru'tancnsis
1090 4333 1103 4356 ,
1135 4291 1227 4362 qui
1259 4291 1400 4346 hunc
1446 4292 1619 4361 ipsum
1650 4301 1931 4346 tractatum
1975 4291 2199 4347 seorsim
2249 4291 2317 4344 ab
2363 4287 2514 4359 Eligii
2543 4287 2660 4341 Yita
2699 4288 2954 4358 scriptum
2992 4291 3209 4348 exhibet
3250 4307 3363 4347 cum
3399 4289 3539 4345 hocce
3579 4283 3706 4340 titulo:

543 4387 809 4456 Incipiunt
850 4401 1101 4439 sermones
1153 4383 1282 4436 beati
1313 4382 1498 4455 Eligii,
1528 4400 1653 4454 quos
1681 4399 1794 4436 cum
1820 4399 2018 4438 summo
2065 4382 2233 4437 studio
2259 4381 2390 4453 plebi
2435 4379 2719 4452 proferebat
2759 4383 3230 4454 exlocuplctissimo
3254 4385 3410 4439 cordis
3444 4375 3704 4436 thermalh

547 4489 726 4540 tamen
754 4493 872 4548 qua:
899 4476 966 4530 ibi
1000 4475 1199 4545 profert
1244 4474 1476 4544 Eligius,
1509 4475 1673 4528 traxit
1696 4489 1832 4544 pene
1859 4473 2033 4528 omnia
2065 4488 2130 4529 ex
2157 4471 2474 4527 Cmsarianis
2508 4470 2886 4536 Scrmouibus,
2918 4474 3007 4543 qui
3035 4489 3132 4545 per
3161 4475 3378 4531 Galliam
3414 4472 3650 4527 universam
3673 4469 3704 4514 et

545 4589 644 4643 per
671 4569 948 4639 llispanias
978 4576 1296 4638 procurante
1319 4565 1547 4619 Caesarie
1579 4565 1675 4636 (uti
1697 4581 1727 4618 a
1754 4565 1910 4620 nobis
1953 4565 2085 4620 alias
2110 4563 2449 4619 observatum
2472 4559 2592 4634 fuit)
2630 4564 2679 4617 in
2710 4563 2953 4618 ecclesiis
2997 4564 3378 4620 lectitabantur.
3421 4563 3503 4617 Adi
3529 4557 3625 4613 tomi
3647 4568 3700 4608 sn—

544 4664 774 4737 pcrioris
796 4660 1182 4732 Appendicem,
1215 4668 1269 4714 et
1293 4657 1478 4712 confer
1503 4671 1778 4712 sermones
1803 4655 1874 4711 29
1897 4697 1912 4722 ,
1943 4656 2032 4722 78,
2057 4654 2185 4721 110,
2210 4655 2334 4722 116,
2359 4655 2484 4722 Ml,
2501 4654 2766 4722 2l0,249,
2784 4653 2910 4722 258,
2934 4655 3059 4721 265,
3081 4656 3207 4732 265,
3237 4657 3356 4722 273,
3381 4654 3491 4718 275,
3511 4644 3696 4714 277,278.

548 4753 676 4817 279,
704 4751 832 4813 289,
862 4760 965 4805 etc.
999 4751 1056 4805 lu
1085 4749 1191 4804 illis
1216 4756 1269 4803 et
1298 4746 1409 4816 ipsa
1435 4747 1586 4816 Eligii
1618 4746 1782 4800 verba
1813 4745 2052 4815 reperies
2071 4785 2087 4812 ,
2117 4753 2171 4800 et
2198 4744 2345 4800 locos
2374 4744 2631 4816 quosdam
2661 4743 2869 4814 planius
2892 4761 3050 4816 quam
3077 4747 3234 4804 isthic
3255 4747 3526 4818 explicatos.
3550 4741 3698 4795 Esset-

552 4861 732 4908 tnone,
762 4843 907 4898 verbi
934 4843 1124 4912 gratia,
1159 4841 1282 4904 l29,
1311 4856 1363 4895 ιι.
1391 4840 1446 4904 2,
1478 4847 1534 4896 et
1571 4853 1635 4894 ex
1681 4838 1820 4906 l30,
1853 4855 1908 4894 ιι.
1941 4839 1969 4894 1
1999 4848 2053 4894 et
2075 4837 2132 4904 2,
2165 4837 2432 4909 intelliges
2455 4838 2597 4909 quod
2627 4838 2715 4893 hic
2738 4879 2753 4904 ,
2778 4855 2832 4892 n.
2862 4839 2896 4894 5
2915 4880 2929 4906 ,
2959 4839 3171 4912 legitur,
3201 4841 3380 4896 Nullus
3395 4836 3552 4894 vastas
3568 4829 3699 4903 Ῑειὶαιί

549 4939 641 4994 ubi
685 4935 914 4994 Jacobus
955 4935 1270 4992 Sirmoudus
1317 4932 1538 5004 perinde
1561 4941 1720 5002 atque
1747 4931 1800 4986 in
1843 4932 2070 4988 concilio
2115 4930 2601 4999 Autissiodorensi,
2647 4930 2985 4987 scribendum
3037 4933 3216 4989 vitatas
3257 4933 3464 5005 putabat.
3489 4927 3586 4982 ltem
3608 4921 3696 4973 hanc

551 5034 708 5105 Eligii
736 5030 1050 5086 sententiam
1081 5045 1136 5083 n.
1164 5027 1214 5093 9,
1244 5027 1342 5094 Qui
1364 5036 1481 5082 ante
1499 5025 1748 5096 legitimas
1774 5024 1979 5095 nuptias
2019 5023 2349 5080 concubinam
2380 5023 2560 5078 habere
2583 5025 2872 5094 prwsumit,
2901 5026 3044 5096 pejus
3071 5036 3243 5097 peccat
3260 5066 3274 5092 ,
3298 5039 3433 5096 quam
3465 5017 3532 5091 qui
3553 5008 3692 5067 adulte-

545 5127 681 5181 rium
711 5119 972 5179 committit
991 5159 1005 5184 ,
1034 5120 1111 5174 sic
1137 5118 1522 5189 accipiendam,
1556 5126 1614 5173 ut
1637 5117 1788 5188 pejus
1813 5131 2036 5187 peccare
2063 5117 2153 5172 ille
2195 5131 2302 5172 non
2330 5115 2398 5171 ob
2426 5115 2570 5170 aliud
2613 5115 2966 5184 existimetur,
3011 5119 3111 5173 uisi
3135 5119 3251 5188 quia
3285 5116 3430 5188 ipsius
3448 5113 3595 5166 factum
3614 5114 3691 5173 pet-

547 5216 851 5276 uiciosioris
880 5209 1108 5281 exempli
1131 5218 1209 5264 est
1233 5250 1248 5275 ,
1275 5210 1450 5265 disces
1475 5225 1541 5268 ex
1588 5207 1826 5279 ejusdem
1871 5207 2194 5278 Appendicis
2223 5220 2471 5263 sermone
2514 5205 2622 5261 288
2644 5245 2659 5273 ,
2689 5221 2744 5261 ιι.
2773 5207 2829 5274 5,
2859 5215 2914 5262 et
2935 5221 3002 5263 ex
3025 5207 3130 5264 289
3154 5250 3168 5276 ,
3201 5225 3252 5263 ιι.
3279 5207 3310 5262 4
3329 5246 3342 5269 ,
3362 5203 3439 5260 ubi
3459 5200 3566 5255 banc
3585 5193 3685 5248 istius

546 5311 831 5369 sententia:
859 5307 1119 5364 rationem
1144 5302 1298 5358 affert
1321 5301 1586 5359 Cmsarius
1609 5342 1625 5368 ,
1659 5303 1794 5370 Quia
1816 5303 1901 5372 qui
1922 5301 2174 5356 adulterat
2197 5342 2211 5365 ,
2239 5300 2407 5355 adhuc
2437 5308 2540 5354 tam
2564 5316 2716 5372 grave
2751 5301 2940 5354 malum
2965 5312 3149 5356 secrete
3167 5301 3264 5356 vult
3296 5311 3516 5370 agerc.....
3532 5287 3596 5342 ille
3611 5295 3683 5336 rem

550 5407 638 5478 qui
665 5405 860 5477 publice
898 5398 1230 5457 concubinam
1272 5395 1453 5450 habere
1481 5395 1808 5451 roluerit.....
1835 5412 1940 5450 rem
1967 5396 2323 5451 exsecrabilem
2350 5404 2452 5450 toto
2481 5395 2668 5465 populo
2705 5394 2903 5450 vidente
2945 5395 3147 5452 licenter
3171 5413 3221 5452 se
3239 5403 3367 5466 putat
3387 5374 3680 5478 minutiae-‘5lc

547 5465 744 5569 nempe
767 5497 886 5556 aliis
906 5494 1110 5566 praebet
1131 5490 1470 5560 occasionem
1501 5488 1747 5556 errandi,
1769 5497 1829 5544 ut
1853 5488 2066 5560 impune
2097 5489 2260 5545 licere
2288 5487 2339 5543 id
2365 5487 2605 5543 credant.
2637 5486 2770 5542 Nam
2809 5497 3011 5558 peccata
3035 5531 3049 5556 ,
3076 5489 3150 5545 uti
3176 5465 3245 5544 ait
3268 5481 3531 5554 Augusunus
3545 5473 3583 5527 in
3603 5465 3674 5522 En-

546 5590 776 5647 chiridio
819 5605 938 5661 cap.
986 5586 1090 5655 80,
1116 5584 1347 5658 quamvis
1378 5598 1566 5654 magna
1600 5592 1647 5638 et
1685 5580 1966 5646 horrenda,
1996 5598 2112 5636 eum
2137 5581 2190 5638 in
2237 5579 2653 5636 consuetudinem
2699 5580 2919 5636 venerint
2939 5620 2953 5650 ,
2977 5591 3064 5636 aut
3093 5597 3240 5653 parva
3274 5586 3350 5632 aut
3371 5569 3672 5630 nullam”

549 5681 758 5738 duntur.
1499 5741 1519 5747 ί.
1690 5742 1697 5748 .
1793 5744 1800 5749 .
1892 5747 1895 5750 .
2078 5721 2084 5748 ι
