3934 6258
69 360 182 416 1215

68 491 187 527 auten
213 471 325 524 dico
349 468 515 531 vobis,
542 468 657 538 quia
674 483 773 519 non
802 475 874 520 est
893 483 1061 538 servus
1089 468 1252 537 major
1274 467 1478 521 domino
1499 485 1610 533 suo,

69 564 140 597 nec
165 541 415 613 apostoius
450 537 697 613 majoreo
717 540 804 607 qui
843 539 976 613 irrisit
1006 537 1172 591 illum.
1216 538 1610 613 §i_lt(ec_sei_tis,

68 606 328 667 benti'eslis
376 613 422 663 si
470 606 687 679 feceritis
730 606 797 661 ea
841 606 1017 680 (Joan.
1072 624 1188 673 χιιι,
1220 610 1348 670 5-5;
1402 610 1611 677 12,17).

69 683 383 737 timisideratc
416 696 550 749 ergo
573 721 585 741 ,
631 680 819 733 fratres
842 680 1192 749 dilectissimi,
1223 680 1375 747 cujus
1404 680 1626 733 infelici-

69 756 197 819 tazis,
242 753 393 819 cujus
424 748 647 803 insanire
691 750 787 813 sit,
826 748 881 803 ut
932 748 1246 817 dedlguetur
1276 758 1461 804 servus
1493 765 1625 805 con-

68 842 216 883 ςι-ε·νο,
243 820 539 891 discipulus
586 820 949 889 condiscipulo
977 821 1139 890 pedes
1173 821 1384 883 lavare;
1410 821 1626 891 quando

69 896 271 948 omnium
321 890 581 945 Deminus
609 892 661 945 et
706 894 954 959 magister
982 900 1258 945 servordm
1305 901 1357 944 ct
1392 890 1628 959 discipu-

73 969 215 1019 lotum
239 964 400 1031 pedes
434 964 612 1015 lavare
635 962 879 1031 dignatus
900 964 1000 1017 εει.
1030 962 1121 1015 Ille
1147 974 1206 1016 se
1229 962 1524 1016 humiliavit
1547 964 1625 1016 iri-'-

71 1038 353 1097 ieriu'ilm's;
388 1048 489 1085 nos
519 1048 643 1087 vero
671 1034 934 1087 humiliari
965 1033 1315 1102 dedignamur
1331 1032 1626 1102 atqualibns

69 1120 105 1159 cl
133 1120 259 1171 sepe
287 1103 620 1157 melioribus.
665 1103 816 1170 Quod
854 1119 956 1156 non
987 1104 1221 1169 aliunde,
1265 1118 1420 1173 quam
1450 1104 1517 1157 de
1548 1104 1629 1157 in-

70 1178 353 1229 «ieiunitate
385 1176 567 1228 evenit
617 1174 934 1229 futurorum.
981 1174 1032 1228 Si
1066 1175 1209 1228 enim
1239 1190 1364 1229 vere
1407 1185 1459 1228 et
1515 1184 1626 1228 toto

70 1248 217 1299 animo
239 1245 606 1300 crederemus.
654 1258 747 1315 per
791 1245 907 1300 haec
940 1244 1150 1298 Domini
1179 1254 1444 1314 praecepta
1464 1287 1477 1308 ,
1507 1261 1626 1313 quae

72 1320 188 1370 itt‘t‘Vi
218 1318 331 1369 vita:
360 1314 561 1370 nostra:
592 1325 830 1383 tempore
865 1315 1192 1371 custodimus
1213 1356 1227 1379 ,
1256 1317 1323 1369 ad
1347 1324 1545 1369 acterna
1574 1326 1628 1369 et

71 1386 272 1439 msh-stin
305 1397 402 1439 nos
432 1388 657 1457 pneutia
680 1388 960 1456 pervenire
985 1403 998 1451 ;
1034 1398 1139 1440 non
1167 1387 1338 1439 solum
1370 1402 1473 1440 non
1498 1402 1625 1439 ern-

74 1460 373 1511 timeremus
399 1458 582 1510 omnia
602 1471 766 1526 opera
785 1457 1097 1512 humilitatis
1114 1457 1408 1527 implendo,
1441 1472 1625 1512 verum

72 1534 199 1581 etiam
226 1528 603 1598 gloriarentur.

124 1598 488 1673 t_:_nn_nriend:_tt_e
518 1613 647 1673 ergo
679 1598 901 1673 firmiter
927 1599 1213 1673 mammia:
1256 1608 1449 1673 vestra:
1483 1598 1626 1673 quod

75 1670 256 1722 audistis
277 1684 304 1720 a
334 1670 512 1735 nobis,
548 1668 604 1723 et
647 1668 788 1737 quad
816 1670 987 1731 nobis,
1023 1670 1130 1723 imo
1162 1671 1385 1723 Domino
1415 1671 1623 1739 promi-

74 1742 185 1793 sistis
223 1739 292 1809 (ιι)
324 1756 335 1793 :
374 1754 475 1810 nec
505 1740 611 1793 ulla
643 1755 871 1809 unquam
901 1740 1172 1794 tribulatio
1202 1742 1482 1810 prmsentis
1501 1740 1625 1793 vita:

74 1808 461 1865 recordationem
491 1812 643 1865 vobis
691 1822 879 1865 vestrae
913 1811 1121 1865 auferat
1167 1808 1487 1880 sponsionis.
1522 1810 1626 1864 lm-

77 1882 185 1947 plete
209 1883 377 1935 omnia
410 1895 534 1951 qua:
574 1882 797 1936 audistis
843 1883 1063 1950 imperia
1094 1902 1128 1937 ,:
1182 1883 1399 1951 implete
1445 1884 1625 1935 omnia

76 1962 212 2003 vestra
252 1967 367 2021 quas
404 1952 754 2021 promisistis.
805 1952 979 2006 Nolite
1015 1954 1217 2007 similes
1256 1952 1396 2006 effici
1430 1952 1625 2022 pepulo

76 2022 356 2085 linteorum,
389 2025 481 2091 qui
531 2038 652 2078 cum
683 2022 959 2077 audissent
1010 2031 1275 2092 praecepta
1316 2024 1437 2085 Dei,
1480 2032 1627 2078 recte

76 2094 247 2159 quidem
288 2095 572 2159 dixerunt,
613 2091 797 2147 Omnia
823 2110 937 2163 quae
962 2091 1220 2147 mandavit
1266 2094 1409 2147 nobis
1438 2093 1624 2146 Domi-

76 2174 163 2225 itus,
183 2165 454 2229 audiemus,
484 2175 533 2218 et
565 2167 806 2235 faciemus
832 2181 926 2227 ea;
966 2165 1060 2220 sed
1084 2164 1225 2234 quod
1257 2166 1391 2219 bene
1422 2165 1626 2233 promi-

79 2244 251 2299 serant,
281 2236 659 2305 neglexerunt.
694 2236 1014 2289 Placuerunt
1044 2238 1188 2289 enim
1235 2235 1343 2289 Deo
1367 2277 1382 2301 ,
1410 2235 1629 2304 quando

141 2306 357 2358 mandata
401 2308 524 2374 ejus
552 2317 856 2361 servaturos
889 2307 1266 2376 promiserant.
1295 2306 1383 2360 Sic
1410 2306 1628 2371 quidem

78 2373 259 2441 legimus
290 2373 492 2430 dixisse
542 2378 609 2430 ad
639 2377 857 2448 Moysen
886 2373 1139 2448 pepulnm
1169 2377 1332 2448 Israel
1362 2394 1374 2428 :
1408 2376 1624 2437 Accede,

83 2448 134 2518 tu,
162 2457 199 2498 et
220 2447 333 2499 audi
362 2450 541 2500 munia
567 2447 755 2516 quanta
784 2449 1004 2518 loquitur
1029 2447 1273 2500 Dominus
1295 2447 1430 2501 Deus
1458 2456 1629 2499 noster

79 2516 127 2564 ad
143 2526 198 2581 te,
219 2526 260 2569 et
298 2527 348 2570 tu
387 2520 616 2589 loqueris
641 2522 708 2572 ad
729 2516 852 2572 nos.
889 2518 1075 2573 Omnia
1096 2528 1287 2588 qumrta
1314 2518 1535 2584 loquitur
1560 2518 1628 2569 ad

114 2672 182 2739 to)
205 2674 561 2741 tfromissarnin‘
596 2677 830 2741 Baptisnto
864 2676 1041 2741 pedum
1064 2676 1296 2741 lotionem
1332 2675 1380 2724 le

114 2677 182 2739 tu)
205 2677 473 2725 Promissam
510 2677 561 2723 in‘
596 2677 830 2738 Baptismo
864 2677 1041 2738 pedum
1064 2677 1296 2725 lotio‘nem
1332 2677 1543 2738 legimus
1580 2677 1631 2723 in

81 2736 304 2794 Appendicc
328 2739 442 2785 tomi
464 2740 520 2797 5,
546 2738 693 2787 scrin.
718 2736 824 2799 168,
846 2752 892 2786 ιι.
920 2740 966 2799 3,
995 2746 1047 2787 et
1069 2738 1178 2798 257,
1204 2753 1251 2787 ι).
1270 2738 1315 2790 2.

1148 350 1373 408 SERMO
1411 350 1501 406 DE
1526 348 1872 407 VANITATE
1902 350 2190 408 SIECULI.

3173 347 3317 405 1214

1722 483 1812 520 nos
1844 466 2088 533 Dominus
2118 467 2253 520 Deus
2280 474 2464 535 noster,
2497 475 2541 518 et
2567 468 2847 533 audiemus,
2880 480 2921 519 rt
2948 468 3212 535 faciemus.
3245 470 3313 522 Et

1725 536 1853 590 dixit
1898 538 1965 589 ad
2013 536 2223 607 Moysen
2273 532 2555 601 Dominus,
2590 538 2770 589 Audivi
2817 532 2981 590 vorem
3031 557 3319 593 sermonum

1730 608 1905 679 populi
1932 609 2085 679 hujus
2114 619 2303 679 quanta
2331 608 2489 661 locuti
2515 618 2653 660 sunt.
2704 609 2829 675 Quis
2856 609 2992 661 dabit
3038 627 3122 662 cor
3149 627 3318 664 eorum

1730 680 1801 731 sic
1829 696 1934 732 esse
1959 680 2007 732 in
2036 681 2125 744 eis,
2156 682 2225 732 ita
2254 689 2307 731 ut
2336 689 2556 731 metuant
2585 695 2681 749 me,
2721 689 2768 732 et
2796 680 3048 732 observent
3068 692 3316 749 pt‘tt’Ct’pla

1731 756 1842 803 mea
1869 752 2097 803 omnibus
2124 751 2300 803 diebus
2324 749 2560 816 (Dent.v,
2585 748 2805 820 27—29)?
2834 748 3315 819 PlziCtierttntergo,

1733 824 1789 873 ut
1817 820 2081 887 diximus,
2120 822 2257 883 Deo,
2302 820 2516 889 quando
2558 820 2771 889 quidem
2820 822 3039 887 polliciti
3092 829 3216 875 sunt
3262 838 3321 876 se

1731 892 1979 945 mandata
2007 892 2120 959 ejus
2140 906 2257 945 esse
2279 890 2511 945 liteturos
2537 908 2549 943 :
2571 891 2663 945 sed
2683 892 3087 957 displicucrunt,
3107 892 3319 959 quando

1734 962 1949 1025 quidem
1982 958 2150 1032 pesita
2180 958 2282 1017 sibi
2307 962 2570 1025 mandata,
2596 972 2647 1015 et
2673 966 2792 1032 qua:
2825 958 3181 1032 prou‘iiserant
3204 981 3320 1016 ser-

1732 1032 1881 1097 vare,
1914 1034 2230 1103 transgressi
2260 1042 2403 1085 sunt.
2441 1034 2511 1086 De
2538 1034 2667 1101 ipsis
2692 1034 2833 1088 enim
2863 1036 3120 1102 propheta
3141 1034 3315 1103 loqui-

1733 1108 1823 1158 tit'r'
1840 1104 2057 1169 dicens,
2091 1102 2387 1156 Dilexerunt
2428 1118 2539 1155 eum
2566 1106 2618 1157 in
2657 1122 2745 1158 ore
2790 1110 2903 1169 suo,
2951 1114 2995 1157 et
3028 1102 3324 1173 linguasua

1732 1174 1931 1227 n’te’rititi
1946 1175 2124 1247 sunt‘ei
2151 1173 2320 1247 (Psal.
2349 1190 2508 1239 cxvn,
2534 1173 2766 1247 56).]100
2781 1184 2861 1228 est
2883 1175 3025 1247 enim
3048 1190 3140 1247 ore
3160 1176 3323 1247 Deum

1733 1252 1916 1299 etnon
1948 1244 2111 1299 corde
2133 1246 2375 1314 diligere,
2408 1245 2547 1312 quod
2583 1244 2895 1313 promittunt
2921 1261 2980 1300 se
3016 1246 3103 1299 Dei
3138 1246 3325 1298 Volun-

1734 1322 1897 1369 tat'em
1927 1328 2046 1370 esse
2076 1315 2324 1376 tacturos,
2355 1315 2685 1370 mentiuntur
2716 1317 2891 1385 lingua
2922 1332 3035 1375 sua,
3069 1327 3122 1370 et
3148 1318 3213 1369 ad
3248 1316 3325 1370 fa—

1733 1387 1975 1439 ciendam
2005 1386 2201 1439 diaboli
2228 1385 2495 1456 refugiunt
2525 1387 2869 1448 voluntatem,
2896 1388 3321 1455 (nnnipotcntem

1733 1456 1902 1510 Deum
1932 1457 1995 1510 ad
2026 1458 2351 1511 iracundiam
2385 1469 2756 1525 provocantes.
2787 1460 2876 1528 qui
2899 1474 2956 1514 se
2978 1458 3183 1513 irrideri
3213 1475 3320 1512 non

1734 1528 2079 1603 patitur.Qui
2128 1542 2248 1582 cum
2297 1528 2862 1603 et_opera_hominum
2922 1529 3211 1603 quamlibet
3267 1530 3322 1583 in

1732 1598 1942 1669 occulto
1968 1598 2103 1652 facta
2136 1600 2447 1669 eonSpiciat,
2481 1600 2568 1669 qui
2594 1608 2713 1654 cum
2742 1601 2900 1654 verba
2923 1601 3100 1654 omnia
3132 1612 3321 1668 quam-

1734 1668 1861 1741 libet
1888 1679 2095 1723 secreto
2118 1668 2510 1741 insusurrautes
2539 1671 2738 1735 audiat,
2762 1671 2849 1741 qui
2868 1686 2987 1725 eum
3004 1684 3190 1725 omnes
3208 1686 3324 1724 0m-

1734 1740 1881 1813 nium
1913 1740 2548 1813 cogitationesintelligat
2583 1750 2635 1794 et
2665 1740 2953 1811 agnoscat,
2986 1743 3325 1797 severiSsitne

1729 1809 2007 1879 iudicabit.
2035 1810 2133 1877 Qui
2165 1808 2251 1864 hic
2274 1810 2393 1865 ideo
2413 1808 2517 1865 non
2549 1808 2761 1880 semper
2778 1822 3171 1881 contemptores
3197 1830 3323 1867 suos

1735 1882 1918 1949 punit,
1972 1884 2092 1949 quia
2142 1882 2192 1934 in
2243 1881 2419 1934 futuro
2464 1882 2697 1936 decrevit
2739 1898 2857 1937 esse
2881 1883 3178 1951 judicium,
3235 1884 3324 1938 tibi

1735 1959 1935 2005 aeterna
1966 1951 2339 2004 condemnatio
2359 1961 2410 2005 et
2434 1962 2688 2021 perpetua
2714 1964 2957 2007 servatur
2984 1956 3323 2020 peccantibus

1736 2024 1915 2088 paena.
1949 2021 2030 2074 Ibi
2059 2023 2156 2075 erit
2203 2024 2349 2090 ﬂetus
2390 2024 2705 2088 oculorum,
2764 2033 2809 2077 et
2854 2024 3042 2076 stridor
3071 2024 3318 2078 dentium.

1736 2092 1860 2157 Ubi,
1891 2094 2026 2145 sicut
2056 2092 2168 2161 ipSe
2193 2093 2449 2147 Dominus
2478 2094 2551 2146 ait
2572 2092 2793 2147 :Vermis
2819 2110 2990 2147 eorum
3018 2111 3119 2147 non
3136 2096 3324 2147 morie-

1738 2172 1838 2236 ζειν,
1869 2170 1915 2215 et
1948 2164 2079 2233 ignis
2111 2178 2285 2236 eorum
2326 2178 2427 2236 non
2468 2166 2811 2236 exstinguetur
2835 2163 2996 2236 _(Isai.
3030 2181 3171 2231 LXVI,
3203 2164 3323 2236 24).

1742 2233 1848 2286 Vos
1875 2242 2072 2296 autem,
2102 2233 2293 2287 fratres
2338 2232 2690 2294 dilectissimi,
2723 2234 2991 2289 credimus
3022 2236 3072 2289 in
3114 2232 3331 2291 nomine

1738 2304 1969 2367 Domini,
1988 2303 2127 2373 quod
2145 2319 2246 2357 non
2268 2305 2805 2359 transitoricaudiatis
2822 2308 2982 2360 verba
3001 2316 3202 2371 nostra,
3225 2308 3333 2360 into

1739 2375 1914 2427 divina
1944 2393 1955 2426 :
1987 2374 2108 2441 quia
2135 2375 2274 2443 quod
2308 2375 2459 2428 vobis
2485 2375 2730 2441 dicimus,
2752 2377 2817 2430 ex
2844 2383 3041 2431 sanctis
3062 2386 3116 2430 et
3137 2376 3333 2433 divinis

1741 2445 1965 2511 eloquiis
1997 2454 2320 2498 llllllualltlll“.
2365 2446 2652 2513 Speramus
2683 2447 2735 2499 in
2784 2447 3041 2511 Domino,
3071 2448 3211 2516 quod
3248 2448 3332 2502 fa-

1741 2516 1895 2569 cietis
1922 2516 2096 2568 omnia
2148 2528 2265 2583 qua:
2303 2517 2643 2585 promisistis,
2680 2517 2792 2571 Deo
2820 2517 3105 2585 adjuvante
3135 2534 3227 2572 vos
3276 2519 3333 2572 in

1742 2586 1939 2639 sanctis
1968 2586 2249 2655 operibtts,
2284 2583 2447 2655 ipsius
2478 2583 2683 2640 Domini
2734 2583 2900 2641 nostri
2950 2588 3080 2643 Jesu
3130 2589 3330 2643 Christi

1743 2658 1911 2725 gratia
1932 2674 1945 2717 ;
1966 2657 2061 2729 cui
2090 2666 2169 2710 est
2196 2658 2363 2725 gleria
2396 2667 2448 2710 et
2488 2657 2657 2711 honor
2682 2672 2803 2712 cum
2830 2658 2987 2714 Patre
3026 2666 3080 2714 et
3122 2659 3326 2729 Spiritu

1748 2733 1932 2780 sancto
1964 2728 2015 2780 in
2046 2730 2240 2782 saecula
2269 2729 2608 2782 seculorum.
2636 2729 2830 2783 Amen.

82 2856 3334 2884 -_————-‘———————_—————I—_—-~

796 2936 1267 2998 TRACTATUS
1308 2938 1413 2997 DE
1458 2926 1918 3002 CREATIONE
1961 2930 2185 3004 ΡΒΙΜΙ
2229 2934 2588 3008 HOMINIS.

132 3078 263 3145 Apud
290 3080 633 3137 AmbroSiut‘a
656 3082 981 3147 inscribitur,
1016 3080 1092 3135 De
1122 3082 1365 3151 dignitate
1395 3083 1543 3151 primi
1572 3083 1812 3139 hominis.
1846 3085 1999 3154 Apud
2030 3088 2311 3143 Alcuinum
2338 3096 2541 3155 autem,
2575 3089 2729 3145 Dicta
2768 3092 2897 3145 beati
2937 3092 3110 3146 Albini
3147 3091 3335 3147 Levita:

81 3180 196 3235 super
217 3168 337 3224 illud
360 3172 613 3227 GeueseOs
644 3190 662 3226 :
692 3193 709 3226 ι
744 3172 1020 3226 Faciamus
1037 3172 1287 3224 hominem
1310 3172 1377 3224 ad
1400 3174 1671 3242 imaginem
1699 3183 1743 3226 et
1771 3175 2155 3232 similitudinem
2181 3188 2459 3232 nostram.)
2489 3181 2761 3247 Paulinus,
2782 3182 3135 3252 Aquileiensis
3174 3197 3334 3254 supra

84 3254 147 3309 lib.
173 3258 230 3313 de
272 3261 600 3319 salutaribus
646 3264 1012 3331 Documcntis,
1042 3277 1198 3332 capp.
1225 3260 1260 3315 2
1312 3269 1366 3316 ct
1408 3264 1461 3329 5,
1513 3265 1766 3319 nonnulla
1821 3277 2090 3322 mutuatus
2136 3279 2311 3325 estex
2356 3270 2457 3327 hoc
2500 3273 2615 3341 ipso
2650 3266 2913 3343 tractatu;
2943 3278 3035 3345 qui
3078 3286 3334 3346 prtctcrca

84 3347 120 3400 in
163 3352 368 3413 tibrode
415 3360 625 3431 Spiritu
647 3360 959 3425 etAuima,
990 3373 1108 3429 cap.
1142 3359 1244 3421 55,
1302 3366 1443 3413 totus
1487 3358 1721 3414 insertus
1751 3370 1852 3416 est.
1909 3363 2004 3419 llic
2046 3364 2223 3436 itaque
2273 3366 2442 3437 prima
2495 3378 2551 3424 et
2598 3378 2868 3440 posuema
2913 3369 3077 3427 verba
3122 3370 3337 3427 dedisse

82 3443 280 3503 militiai.

1493 3585 1862 3641 meaemeae-ai

133 3708 275 3765 Tanta
297 3714 527 3786 dignitas
568 3717 815 3771 humanae
859 3715 1176 3770 conditionis
1202 3729 1320 3769 esse
1351 3714 1618 3783 dignem-

84 3784 161 3842 tur,
190 3791 234 3835 ut
262 3784 370 3839 non
386 3788 567 3842 solum
590 3788 825 3855 jubentis
855 3800 1125 3851 sermone,
1158 3794 1213 3839 ut
1254 3787 1353 3839 alia
1383 3802 1474 3839 Sex
1513 3785 1626 3839 die-

83 3860 170 3929 min
196 3867 371 3929 opera,
418 3858 519 3912 sed
561 3858 781 3913 consilio
819 3866 1017 3912 sancta:
1058 3857 1343 3929 Trinitatis
1370 3868 1423 3929 et
1465 3872 1625 3924 opera

85 3926 329 3985 maiestatis
357 3928 554 3983 divina:
596 3938 806 3983 creatus
860 3931 928 3982 sit
968 3929 1242 3983 homo.....
1278 3926 1353 3995 (α)
1382 3926 1624 3995 Quapro-

85 3995 394 4071 !’.'°,"_'l"isque
421 4000 729 4069 diligentius
777 3999 1031 4071 attendat_
1057 3999 1239 4067 prima:
1282 3997 1626 4071 su:e_condi-

86 4062 207 4139 linteis
240 4062 639 4131 excellentiam,
669 4080 726 4125 et
767 4062 1123 4125 venerandam
1166 4078 1363 4121 sanctae
1394 4067 1626 4139 Trinita-

84 4133 132 4179 tis
152 4133 194 4184 in
234 4152 287 4190 se
314 4139 427 4207 ipso
453 4142 737 4210 imaginem
767 4151 1018 4211 agnoscat
1038 4183 1051 4205 ,
1086 4140 1448 4208 honoremque
1477 4137 1628 4193 sitni-

131 4244 188 4307 (ιι)
210 4252 379 4302 Omissa
401 4261 580 4318 repete
601 4270 665 4305 ex
685 4254 809 4305 libro
832 4255 894 4305 de
916 4256 1093 4317 Spiritu
1118 4260 1168 4304 et
1192 4253 1365 4302 anima.

86 4363 141 4379 ιη,

1737 3718 1975 3773 litudinis
1996 3720 2219 3786 divinre,
2244 3721 2309 3775 ad
2339 3722 2496 3791 quam
2529 3732 2738 3776 ereattts
2765 3731 2876 3787 est,
2910 3722 3189 3776 nobilitate
3211 3722 3327 3775 mo-

1736 3804 1853 3842 rum
1876 3832 1890 3854 ,
1919 3792 2174 3845 exercitio
2202 3792 2454 3857 virtutum
2475 3834 2488 3855 ,
2510 3793 2764 3858 dignitate
2796 3794 3105 3845 meritorum
3135 3792 3335 3846 habere

1738 3862 2025 3933 contendat
2054 3879 2065 3913 :
2103 3870 2158 3914 ut
2182 3862 2395 3929 quando
2421 3864 2723 3933 apparuerit
2750 3864 2922 3929 qualis
2944 3863 3035 3933 psit
3054 3904 3067 3927 ,
3100 3870 3225 3933 tunc
3256 3862 3332 3933 si-

1738 3930 1882 4001 milis
1905 3931 1976 3984 illi
2007 3938 2298 4001 appareat,
2332 3934 2421 3999 qui
2452 3930 2509 3985 se
2538 3933 2849 3985 mirabiliter
2890 3932 2955 3984 ad
3007 3946 3153 3984 suam
3186 3931 3334 3984 simi-

1738 3999 2014 4054 litudinem
2048 3999 2096 4054 iu
2128 4002 2300 4069 primo
2329 4003 2499 4056 Adam
2524 4003 2765 4057 condidit
2786 4045 2801 4069 ,
2831 4002 3127 4056 mirabilius
3162 4001 3214 4054 in
3240 4015 3331 4055 se-

1740 4070 1914 4126 cundo
1944 4070 2271 4127 reformavit.

1078 4444 1345 4517 SERMO
1376 4454 1482 4514 DE
1525 4446 1939 4515 VANITATE
1982 4438 2309 4515 SZECULI.

86 4588 280 4655 lltbettir
329 4612 508 4676 supra,
561 4607 613 4661 in
669 4604 822 4675 Eligii
852 4612 1075 4658 tractatu
1124 4602 1189 4655 de
1221 4600 1560 4654 Rectitudine
1587 4599 1863 4654 catholica:
1905 4599 2348 4664 conversationis,
2379 4598 2470 4652 nn.
2501 4594 2592 4665 9.1,
2615 4597 2685 4652 22
2714 4582 2894 4664 (3123,
2926 4603 3118 4667 praeter
3144 4590 3332 4648 versus

613 4699 823 4753 circiter
846 4698 1032 4752 decem
1066 4694 1114 4749 in
1149 4693 1251 4748 ﬁne
1279 4693 1343 4747 ab
1374 4692 1489 4748 istis
1530 4693 1726 4762 verbis,
1768 4692 2130 4748 Benedic-anius
2154 4695 2310 4764 igitur
2331 4692 2630 4758 Dominum,
2660 4703 2763 4747 etc.

133 4820 185 4901 in
211 4825 297 4881 hac
324 4832 423 4887 vita
451 4836 639 4903 positi,
685 4833 902 4896 fratres,
937 4832 1005 4884 ita
1042 4829 1213 4903 agile,
1251 4837 1309 4881 ut
1351 4844 1471 4903 eum
1510 4820 1631 4903 hinc

89 4899 398 4969 mllilﬂs'eritis
418 4948 431 4969 ,
454 4899 510 4960 et
541 4922 667 4961 caro
698 4915 870 4958 vestra
912 4920 941 4956 a
986 4901 1251 4955 vermibus
1278 4900 1501 4968 (reperit
1534 4899 1628 4952 dc-

88 4968 231 5044 Yttrari
276 4972 322 5024 in
381 4968 657 5044 sepulcro,
705 4976 882 5028 anima
932 4981 1124 5044 ornata
1170 4972 1320 5044 bonis
1382 4970 1630 5044 operibus

88 5043 180 5085 cum
208 5045 389 5097 sanctis
420 5041 665 5101 omnibus
690 5047 896 5099 la-tetur
928 5045 983 5097 in
1011 5043 1179 5097 cmlis.
1226 5041 1479 5094 Retrahat
1538 5057 1631 5095 vos

88 5107 522 5186 inualisttpcribus
567 5119 646 5173 vel
690 5116 953 5186 peccatis,
1002 5113 1247 5167 interitus
1276 5124 1459 5186 eorum
1496 5127 1632 5186 quos

90 5179 481 5258 Pﬂiﬁlltisistis...“
512 5190 587 5258 (α)
639 5179 705 5241 Et
730 5189 823 5239 crit
860 5195 983 5239 tunc
1014 5193 1210 5253 quanto
1250 5184 1366 5250 quis
1407 5182 1632 5258 amplius

89 5238 171 5291 alio
211 5246 285 5321 hic
328 5238 584 5312 obedieiis'
626 5238 924 5320 D—co’fnit,
970 5238 1116 5309 lauto
1163 5238 1632 5321 amplioreiu'illic

90 5319 346 5400 {ltel‘ccdem
392 5330 611 5398 accipiet
646 5347 657 5382 :
692 5338 1004 5400 quantomte
1033 5325 1149 5400 _hie_
1181 5319 1406 5400 attiltlitts
1466 5324 1630 5400 licunt

90 5391 275 5469 adﬁxit.
301 5391 673 5469 tantopropins
703 5391 820 5452 eum
871 5391 1085 5469 videbit.
1122 5391 1633 5469 BiritCilitjatn_tts_igi_-

92 5454 632 5535 furDoniinttiithctitn
682 5480 951 5533 nostrum,
998 5468 1221 5528 fratres,
1250 5468 1335 5535 qui
1381 5465 1443 5517 ad
1502 5454 1636 5516 [zeli-

93 5524 191 5577 tiatn
216 5532 519 5599 spiritualcin
544 5544 882 5613 congregavit
905 5524 1023 5593 nos.
1051 5524 1229 5593 Simus
1260 5524 1307 5589 in
1339 5534 1636 5589 humilitate

1740 4830 1921 4885 cordis
1950 4838 2160 4899 semper
2182 4872 2194 4892 ,
2219 4838 2270 4883 et
2296 4828 2544 4898 gaudium
2575 4836 2814 4899 nostrum
2852 4841 3013 4899 penes
3038 4826 3207 4895 ipsum
3238 4826 3328 4899 sit.

1740 4901 1853 4955 Non
1877 4902 1943 4956 de
1974 4897 2323 4970 prosperitate
2348 4900 2521 4968 aliqua
2548 4897 2702 4966 hujus
2729 4897 2906 4952 Steculi
2938 4897 3213 4970 inflentur;
3240 4897 3336 4951 sed

1741 4969 2048 5026 nover‘iui'us
2076 4970 2376 5024 felicitatem
2406 4978 2640 5024 nostram
2673 4985 2775 5023 non
2808 4984 2925 5023 esse
2958 4969 3055 5022 nisi
3088 4985 3205 5022 cum
3232 4970 3331 5022 ista

1742 5044 2067 5098 transierint.
2096 5041 2250 5095 Modo
2278 5042 2527 5110 gaudium
2574 5050 2813 5094 nostrum
2841 5083 2855 5105 ,
2886 5040 3075 5094 fratres
3096 5082 3108 5103 ,
3142 5040 3190 5093 in
3239 5052 3334 5110 spe

1742 5114 1915 5167 futura
1946 5116 2053 5176 sit,
2089 5121 2253 5165 totum
2286 5108 2609 5166 desiderium
2638 5112 2742 5165 vita
2785 5122 2983 5165 aeterna
3020 5112 3118 5171 sit,
3153 5108 3330 5160 oinnia

1740 5186 1965 5254 suspiria
1996 5192 2173 5255 nostra
2204 5182 2416 5255 Christo
2432 5183 2701 5255 anhelent.
2733 5182 2829 5255 |lle_
2872 5197 3009 5235 unus
3038 5178 3333 5255 pulchcrri-

1740 5245 1887 5319 mus,
1917 5256 2004 5326 qui
2036 5254 2204 5308 fiedos
2230 5254 2413 5308 dilexit
2438 5263 2495 5308 ut
2527 5253 2777 5321 pulchros
2808 5245 3333 5326 faceret,'desidere-_

1742 5336 1857 5379 tur:
1888 5320 1954 5380 ad
2014 5327 2158 5380 illum
2201 5340 2362 5378 unmn
2412 5320 2689 5387 curratur,
2720 5326 2789 5377 illi
2844 5320 3253 5391 ingctniscatur;
3288 5324 3335 5368 et

1742 5398 1911 5450 dicunt
1938 5414 2162 5463 semper,
2194 5395 2551 5467 Magniﬁcetur
2586 5395 2836 5449 Dominus
2858 5432 2873 5460 ,
2901 5387 2987 5460 qui
3028 5387 3199 5441 volunt
3242 5402 3334 5456 pa-

1743 5484 1848 5521 cem
1868 5469 1997 5522 servi
2024 5471 2132 5540 ejus
2160 5466 2329 5540 (Paul.
2355 5483 2535 5534 mm,
2564 5466 2684 5537 27).

143 5652 202 5720 (υ)
221 5668 385 5719 Omissa
401 5680 571 5737 repete
597 5688 658 5725 ex
686 5672 818 5739 FJigii
843 5680 1046 5725 traCtatu
1067 5672 1132 5722 de
1156 5666 1455 5721 nectitudine
1478 5665 1728 5720 cathoh'cae
1746 5664 2142 5718 conversationis.
