3934 6382
125 335 263 395 19:55
873 325 1246 383 ADMONITIO
1283 325 1350 380 IN
1390 318 1753 379 SERMONES
1781 323 1872 378 AD
1912 316 2229 385 FRATRES
2263 328 2331 385 IN
2368 330 2624 388 EREMO.
2726 363 2733 367 μ
3279 332 3419 391 1254

187 448 304 503 Νοη
330 446 431 518 qui
460 446 634 518 bonus
658 450 950 518 permanet,
980 442 1094 518 ipse
1122 438 1396 518 polluitur,
1425 438 1469 494 si
1490 439 1723 518 societur
1897 441 2147 518 Naturale
2167 453 2268 510 est,
2296 452 2351 498 ut
2375 459 2561 518 omnes
2586 444 2818 518 artiﬁces
2841 460 2950 502 suae
2970 448 3103 504 artis
3122 448 3413 518 loquantur

122 520 291 587 malo;
322 509 426 573 scd
457 516 547 585 qui
573 509 742 569 malus
768 522 869 579 est,
902 513 955 566 in
980 509 1177 567 bonum
1206 511 1449 578 vertitur,
1490 511 1535 564 si
1584 509 1722 564 bona
1826 515 2187 587 e§_empl_is,get
2212 509 2572 587 unusquisque
2600 516 2653 569 in
2680 530 2785 585 quo
2805 517 2979 587 studio
3005 519 3149 572 trivit
3176 509 3411 585 mtatem,

121 584 366 658 exempla
398 582 658 642 sectetur.
691 656 698 658 _
970 652 983 658 _
1037 652 1048 658 Α
1307 652 1326 658 _
1575 652 1625 658 __
1824 582 2383 658 illius’similitudinesw
2409 582 2641 658 proferat
2673 582 2862 640 :‘verbi
2904 588 3099 655 gratia,
3133 589 3222 658 qui
3252 582 3413 644 nauta

189 652 506 714 Fornicatio
527 698 540 720 ,
570 664 627 709 ut
653 656 832 709 vinum
860 661 914 708 et
938 652 1168 727 ebrietas
1185 694 1215 727 _,_
1230 652 1403 727 aufert
1428 667 1543 727 cor.
1572 652 1722 707 Sicut
1824 662 1907 707 est
1934 664 1988 727 et
2007 652 2666 727 _gubernator,_tristitiam
2706 670 2857 727 suam
2878 652 3170 727 comparat
3206 667 3415 727 tempe-

124 730 259 787 enim
288 729 481 782 vinum
511 736 565 781 et
591 727 821 795 ebrietas
853 740 974 779 eum
1018 724 1108 792 qui
1147 723 1339 795 biberit
1376 723 1571 778 mentis
1609 737 1721 795 suae
1823 725 1968 791 stati,
1990 723 2243 780 damnum
2268 725 2594 795 naufragium
2617 736 2791 791 vocat,
2817 723 3059 779 inimicos
3080 742 3204 781 suos
3224 723 3415 784 ven—tos

124 804 379 870 impotem
414 796 575 870 facit;
625 798 695 850 ita
742 794 1020 870 fornicatio
1063 810 1126 848 ac
1170 794 1413 870 voluptas
1463 794 1722 870 pervertit
1823 797 2055 870 appellat
2097 798 2427 870 contrarios;
2460 794 2679 870 :rursum
2726 796 3235 870 prosperitatem‘et
3277 799 3415 853 laeti-

125 864 371 949 setisum,
405 868 753 949 animumque
790 865 1059 949 debilitat,
1101 873 1156 919 et
1193 865 1259 918 de
1290 864 1716 949 rationabiliho:
1826 864 1973 949 tiam,
2001 866 2624 949 auram_placidissimam
2652 875 2705 921 et
2727 864 2994 920 secundos
3022 866 3416 949 nominatven:

127 942 263 997 mine
288 940 516 994 brutum
543 935 706 993 efﬁcit
733 935 951 1009 animal,
981 944 1037 1009 ut
1062 950 1257 1005 ganeas
1286 944 1353 1009 et_
1369 935 1640 1009 lupanaria
1665 942 1722 989 et
1824 943 1939 1009 tos,
1978 935 2263 1009 tranquilla
2298 938 2464 1009 maria
2509 946 2563 1009 et
2606 951 2819 1009 aequora
2867 935 3067 1005 campis
3113 936 3329 1009 similia.
3372 937 3420 993 E

129 1010 405 1066 libidinum
436 1009 602 1063 lustra
628 1016 879 1079 sectetur.
909 1006 1008 1079 Qui
1038 1004 1246 1079 amatur
1273 1021 1302 1058 a
1326 1005 1573 1079 Domino,
1601 1020 1721 1079 cor-
1823 1008 2072 1079 regione,
2115 1004 2271 1064 iniles
2312 1007 2566 1079 quidquid
2605 1004 2829 1071 diierit,
2873 1015 3082 1079 scutum
3102 1046 3115 1069 ,
3156 1004 3418 1075 gladium,

129 1083 311 1150 ripitur
350 1078 540 1150 (Prov.
566 1094 625 1133 Ill
646 1120 660 1146 ,
691 1076 815 1148 12);
856 1078 947 1147 qui
990 1076 1308 1146 negligitur,
1339 1076 1448 1130 suis
1491 1075 1720 1145 peccatis
1825 1075 2075 1151 loricam,
2106 1075 2345 1151 galeam,
2378 1075 2648 1151 Ian—ceam,
2680 1092 2863 1132 arcum
2894 1085 2947 1131 et
2976 1076 3195 1146 sagittas
3215 1117 3230 1143 ,
3267 1089 3417 1131 mor-

128 1150 430 1207 dimittitur.
1424 1216 1429 1217 7
1646 1214 1657 1217 Α
1826 1157 1954 1217 tem,
1984 1150 2175 1205 vulnus
2204 1158 2258 1205 et
2282 1150 2559 1204 victoriam
2588 1158 2761 1203 sonat.

194 1222 393 1277 Natura
427 1220 639 1274 leonum
662 1232 788 1291 esse
808 1217 1020 1291 Adicitur
1038 1260 1051 1283 ,
1084 1226 1141 1272 ut
1160 1259 1174 1282 ,
1202 1232 1323 1291 cum
1356 1214 1723 1291 infremuerint
1896 1214 2183 1277 Pestilente
2208 1220 2489 1291 ﬂagellato,
2514 1234 2628 1291 non
2655 1218 2828 1273 solum
2853 1216 3069 1291 sapiens
3088 1259 3102 1282 ,
3130 1216 3223 1291 sed
3253 1216 3419 1273 etiam

132 1300 180 1348 et
203 1291 493 1363 rugierint,
528 1290 705 1343 omnia
735 1289 1022 1363 animantia
1052 1289 1494 1351 contremiscant,
1528 1294 1585 1340 ut
1615 1285 1720 1340 fixo
1823 1292 2018 1347 stultus
2042 1285 2352 1363 prudentior
2380 1291 2471 1346 fiet
2502 1288 2680 1362 (Prov.
2707 1304 2825 1356 xix,
2850 1285 2957 1354 25’;
2986 1302 3097 1354 xu,
3128 1286 3242 1357 II).

164 1360 289 1417 radu
316 1376 378 1415 se
409 1374 627 1415 movere
653 1374 758 1413 non
784 1360 1023 1429 possint;
1053 1367 1229 1413 tantus
1256 1373 1419 1429 pavor
1442 1366 1546 1425 est,
1572 1364 1718 1411 tanta

153 1431 405 1487 'ortitudo.

745 1550 2960 1577 ———_.—_—..——_———-———-———-—_—0-

1472 1653 2121 1729 ADMONITIO

982 1814 1063 1874 IN
1107 1812 1522 1873 SERMONES
1564 1813 1672 1873 AD
1714 1810 2076 1873 FRATRES
2119 1812 2201 1872 IN
2243 1808 2542 1872 EREMO.

207 1960 261 2015 In
285 1974 348 2015 ea
374 1959 694 2015 Sermonum
722 1957 1039 2015 collectione
1061 1960 1168 2014 duo
1196 1967 1349 2014 erant
1378 1974 1502 2014 vere
1529 1957 1897 2030 Augustiniani
1917 1998 1932 2023 ,
1961 1956 2052 2026 qui
2080 1956 2324 2011 nimirum
2342 1955 2409 2010 de
2432 1953 2719 2009 Communi
2746 1951 2854 2006 vita
2874 1951 3191 2006 clericorum
3226 1945 3415 2017 appel-

147 2052 345 2116 lantur,
379 2052 556 2106 locum
589 2051 642 2104 in
673 2051 1133 2132 superiore’tomo
1175 2067 1329 2106 suum
1369 2060 1647 2117 tenentes,
1694 2050 1881 2106 ordine
1929 2050 2033 2105 555
2077 2058 2131 2104 et
2168 2048 2292 2104 556.
2334 2048 2589 2118 Reliquos
2634 2046 2747 2101 fere
2793 2059 2981 2099 omnes
3008 2041 3327 2099 ‘suhdititios
3371 2047 3427 2096 et

149 2145 433 2214 Augustino
460 2139 707 2215 indignos
738 2135 919 2199 haberi
963 2160 1025 2200 ac
1062 2144 1166 2200 dici
1198 2147 1459 2215 patiemur
1486 2147 1553 2201 ab
1581 2145 1821 2201 eruditis.
1858 2146 2000 2201 inter
2029 2159 2123 2200 eos
2153 2144 2447 2209 Baronius,
2485 2141 2552 2197 ad
2579 2154 2777 2194 annum
2806 2137 3008 2193 Christi
3034 2136 3141 2191 582
3173 2151 3184 2186 :
3218 2133 3429 2200 Auctor,

148 2240 245 2303 ait,
288 2237 497 2290 illorum
540 2252 829 2290 sermonum
859 2253 959 2291 non
992 2238 1089 2292 nisi
1123 2238 1367 2309 impostor
1411 2239 1653 2292 dicendus
1673 2279 1687 2303 ,
1729 2256 1842 2293 cum
1872 2239 2149 2292 multarunt
2176 2236 2555 2292 mendaciorum
2598 2233 2972 2289 sanctissimum
2999 2246 3059 2283 ac
3088 2228 3431 2283 doctissimum

150 2328 297 2382 uirum
323 2330 639 2384 constituerit
666 2339 984 2386 assertorem.
1017 2330 1084 2384 Et
1111 2330 1176 2384 ad
1204 2345 1403 2385 annum
1434 2330 1538 2386 585
1586 2350 1597 2385 :
1642 2330 1886 2402 Frigidus
1914 2331 2000 2383 ille
2041 2331 2188 2399 ﬁctor
2231 2330 2391 2383 multa
2432 2328 2594 2381 delira
2614 2366 2629 2392 ,
2662 2341 2793 2379 vana
2821 2332 2866 2377 et
2895 2322 3126 2393 fabulosa
3166 2319 3255 2375 sub
3299 2318 3433 2372 tanti

153 2416 310 2473 Patris
335 2420 539 2474 nomine
566 2418 729 2485 e/Tutit
749 2461 763 2483 ,
797 2428 1086 2489 portentosa
1111 2420 1376 2474 mendacia
1403 2421 1615 2474 blaterat
1636 2462 1649 2485 ,
1681 2428 1785 2476 etc.
1819 2419 2204 2485 Bellarminus,
2236 2420 2327 2473 lib.
2362 2418 2429 2473 de
2451 2415 2813 2487 Scriptoribus
2841 2412 3231 2468 Ecclesiasticis
3256 2429 3269 2465 :
3301 2410 3430 2465 Ser-

152 2525 341 2577 mones,
374 2510 575 2581 inquit,
623 2511 690 2563 ad
733 2509 941 2564 Fratres
983 2511 1036 2563 in
1078 2527 1244 2565 eremo
1283 2504 1513 2564 videntur
1552 2528 1736 2582 magna
1773 2528 1837 2565 ea:
1870 2520 2014 2583 parte
2052 2511 2273 2579 conﬁcti.
2316 2509 2459 2563 Inter
2495 2508 2615 2562 illos
2643 2508 2789 2561 multi
2816 2514 2932 2560 sunt
2961 2505 3087 2558 leves
3116 2512 3163 2557 et
3191 2500 3430 2572 fabulosi.

154 2600 355 2656 Phrasis
401 2612 473 2656 est
516 2603 689 2672 inepta
708 2644 720 2666 ,
767 2604 1046 2673 impropria
1065 2644 1078 2667 ,
1124 2604 1372 2657 lutulenta
1393 2644 1407 2669 ,
1440 2612 1495 2657 ut
1522 2604 1703 2657 mirum
1731 2605 1796 2659 sit
1825 2604 2045 2675 potuisse
2075 2602 2322 2673 ejusmodi
2352 2617 2604 2656 sermones
2635 2600 2698 2655 S.
2730 2598 3014 2669 Augustino
3041 2595 3101 2649 ab
3132 2595 3300 2663 aliqua
3324 2594 3433 2648 viro

154 2694 381 2761 prudente
406 2694 578 2748 tribui.
610 2694 973 2749 Lovanicnses
998 2694 1253 2765 Theologi
1296 2710 1522 2751 censura
1569 2697 1621 2751 in
1669 2696 1886 2751 eosdem
1933 2697 2210 2751 sermones
2253 2694 2470 2764 praeﬁxa
2510 2710 2524 2746 :
2566 2692 2707 2748 Satis
2735 2698 2928 2745 constat
2955 2688 3046 2742 sub
3076 2686 3140 2740 D.
3164 2683 3433 2756 Augustini

156 2787 342 2841 nomine
370 2804 403 2840 a
430 2787 651 2857 quodam
686 2787 970 2841 semilatino
998 2788 1223 2841 exercitii
1263 2804 1416 2841 causa
1457 2789 1766 2859 conscriptos
1808 2805 1931 2842 esse.
1978 2787 2267 2854 Aliquando
2313 2787 2616 2841 intermiscet
2662 2784 2809 2838 verba
2849 2780 3152 2853 Augustini,
3198 2776 3430 2844 Caesarii,

156 2874 390 2948 Gregorii.
423 2876 679 2931 Martinus
706 2876 926 2947 Lgpsius
951 2894 1012 2931 ea:
1034 2877 1301 2947 phrasibus
1329 2887 1374 2932 et
1404 2878 1707 2933 dictionibus
1736 2879 2036 2949 quibusdam
2060 2879 2346 2949 suspicatur
2372 2886 2630 2932 auctorem
2656 2877 2811 2947 fuisse
2836 2874 3220 2929 exclamatorem
3253 2868 3432 2925 Gallo-

156 2968 414 3035 ﬂaudrum.
449 2970 573 3023 llaec
597 2969 974 3035 Lovanienses,
1000 2969 1090 3038 qui
1118 2985 1186 3025 ex
1206 2969 1503 3025 Mauburno
1524 2970 1727 3025 addunt
1750 2972 1843 3024 hos
1863 2986 2112 3024 sermones
2134 2987 2165 3023 a
2186 2968 2553 3025 Conservatore
2570 2965 2860 3038 Apostolico
2886 2964 3087 3035 Rhegii,
3110 2978 3243 3016 anno
3265 2961 3428 3027 MU,

157 3058 404 3115 damnatos
432 3071 477 3114 et
506 3061 818 3131 reprobatos.
847 3061 1105 3116 Erasmus
1130 3062 1197 3116 ad
1224 3062 1520 3118 Fonsecam
1552 3062 1805 3132 Archiep.
1838 3062 2011 3117 Tolet.
2044 3061 2356 3131 praefatione
2384 3061 2439 3115 in
2464 3058 2816 3128 Augustinum
2849 3055 3032 3111 scribit
3062 3070 3075 3107 :
3106 3052 3174 3107 1η
3200 3050 3433 3106 omnibus

158 3164 256 3217 qua:
280 3153 359 3205 illi
385 3153 517 3223 falso
546 3162 663 3207 sunt
692 3153 935 3224 inscripta
955 3195 969 3220 ,
1000 3153 1127 3208 nihil
1166 3155 1409 3209 insulsius
1450 3165 1537 3208 aut
1578 3154 1920 3223 impudentius
1951 3155 2281 3209 Sermonibus
2311 3153 2379 3206 ad
2413 3152 2661 3207 Eremitas
2684 3192 2696 3216 ,
2726 3151 2781 3203 in
2807 3149 2985 3218 quibus
3011 3162 3102 3200 nec
3129 3146 3306 3209 verba,
3338 3158 3432 3198 nec

158 3243 416 3308 sententiae,
446 3260 535 3297 nec
562 3252 751 3313 pectus,
780 3260 868 3297 nec
895 3244 1097 3298 omnino
1124 3246 1401 3315 quidquam
1427 3255 1499 3301 est
1520 3246 1804 3317 Augustino
1834 3246 2063 3317 dignum.
2096 3246 2242 3301 Idem
2267 3247 2321 3300 in
2341 3245 2482 3301 libro
2510 3245 2577 3299 de
2600 3243 2827 3298 Ratione
2852 3238 3202 3296 concionandi
3228 3235 3389 3292 tertio
3411 3251 3428 3288 :

160 3328 216 3383 In
238 3332 311 3387 his
332 3375 346 3399 ,
376 3336 469 3401 ait,
503 3336 810 3389 sermonibus
836 3337 1056 3390 cervisia:
1084 3353 1278 3408 quoque
1304 3339 1528 3392 meminit
1561 3337 1874 3392 Flandricus
1894 3379 1910 3405 ,
1956 3346 2011 3391 ut
2054 3338 2284 3408 suspicor
2302 3378 2316 3403 ,
2350 3338 2679 3409 Augustinus.
2725 3334 2911 3389 Omnia
2939 3334 3120 3386 miram
3149 3328 3432 3384 barbariem

161 3434 370 3492 crepant,
399 3426 617 3497 exceptis
644 3427 705 3481 iis
731 3444 842 3498 qua:
865 3444 926 3482 ea:
952 3428 1065 3482 aliis
1093 3429 1379 3483 auctoribus
1409 3437 1581 3483 assuta
1612 3438 1747 3483 sunt.
1775 3428 2000 3495 Etenim,
2031 3438 2085 3482 ut
2110 3429 2343 3498 quaedam
2370 3436 2669 3500 argumenta
2696 3427 2885 3495 artifex
2910 3425 2998 3479 ille
3021 3421 3233 3493 sumpsit
3258 3436 3284 3473 e
3315 3418 3434 3472 Vita

163 3514 443 3585 Augustini,
476 3519 546 3571 ita
578 3520 839 3573 materiam
866 3537 893 3573 e
917 3521 1067 3574 variis
1092 3519 1403 3575 diversorum
1430 3530 1695 3575 auctorum
1723 3521 1847 3575 locis
1867 3562 1881 3586 ,
1916 3520 2030 3574 licet
2050 3521 2249 3575 indocte
2273 3530 2319 3575 et
2341 3522 2659 3590 impudenter
2684 3518 2875 3573 omnia.
2899 3516 3154 3570 Mittimus
3178 3522 3434 3567 censuras

164 3603 293 3662 Pauli
317 3610 499 3680 Langii
530 3611 584 3664 in
611 3610 878 3666 Chronico
907 3611 1158 3666 Citizensi
1185 3611 1253 3667 ad
1282 3627 1477 3667 annum
1507 3612 1666 3677 1259,
1691 3611 1919 3667 Joannis
1946 3611 2221 3668 Mauburni
2250 3613 2302 3667 in
2333 3612 2621 3668 Venatorio
2648 3609 2905 3665 Canonici
2936 3606 3169 3670 Ordinis,
3197 3600 3433 3659 Simonis

165 3694 344 3755 Verlini
371 3702 422 3755 in
450 3701 584 3756 Crisi
610 3702 1013 3772 Augustiniana,
1046 3713 1099 3758 et
1124 3704 1369 3758 aliorum.
1418 3704 1720 3759 Arbitratur
1743 3705 2010 3761 Erasmus
2046 3720 2181 3776 opus
2210 3720 2330 3761 esse
2357 3705 2583 3774 alicujus
2616 3719 2682 3757 ex
2721 3699 3189 3773 Augustineusium
3227 3693 3431 3750 Ordine

165 3792 424 3856 monachi,
458 3793 548 3861 qui
578 3792 672 3846 hoc
712 3797 826 3865 fuco
863 3795 1108 3848 studuerit
1147 3812 1294 3850 suum
1323 3796 1611 3850 sodalitium
1649 3796 1759 3850 orbi
1800 3798 2156 3853 commendare
2176 3838 2191 3862 ,
2233 3799 2275 3852 si
2304 3798 2635 3867 persuasisset
2666 3804 2859 3849 tantum
2889 3794 3051 3846 virum
3079 3792 3190 3859 ejus
3217 3785 3435 3841 instituti

167 3877 302 3945 fuisse
331 3894 602 3939 auctorem.
632 3884 793 3941 Nobis
832 3902 990 3956 porro
1020 3889 1150 3941 tales
1180 3888 1427 3943 videntur
1470 3890 1506 3943 ii
1550 3904 1827 3945 sermones
1849 3932 1863 3956 ,
1892 3892 1981 3961 qui
2013 3890 2159 3946 credi
2189 3890 2490 3959 potuissent
2517 3890 2583 3943 ab
2610 3889 2789 3957 aliquo
2818 3887 2994 3957 potius
3025 3878 3435 3951 Augustinensis

168 3969 361 4028 Ordinis
405 3977 599 4030 :emulo
643 3976 901 4033 invidiose
946 3993 1009 4033 ac
1054 3979 1283 4048 maligne
1326 3979 1559 4034 conficti.
1610 3979 1768 4035 Certe
1793 3982 2007 4049 quidem
2033 3980 2135 4035 viri
2162 3996 2227 4035 ex
2259 3979 2448 4034 eodem
2479 3978 2677 4033 Ordine
2706 3976 2897 4032 eruditi
2925 3988 3021 4030 eos
3048 3986 3187 4027 nunc
3216 3969 3435 4025 tandem

168 4068 542 4134 reprehendunt
569 4070 740 4139 palam
757 4078 812 4125 et
839 4070 1382 4139 repudiant.Jacobus
1399 4070 1641 4125 Hommei
1673 4071 2201 4127 inCollectaneorum
2233 4071 2367 4125 libro
2398 4070 2483 4124 cui
2511 4069 2949 4139 Supplementum
2980 4066 3196 4119 Patrum
3224 4075 3425 4117 nomen

170 4151 305 4222 fecit,
339 4174 455 4229 pag.
484 4160 624 4225 645,
655 4161 971 4215 sententiam
1006 4160 1074 4216 de
1119 4160 1203 4215 his
1245 4163 1585 4217 sermonibus
1630 4176 1782 4217 suam
1826 4163 1955 4218 dicit
1998 4164 2048 4216 in
2094 4163 2209 4217 haec
2256 4162 2415 4218 verba
2450 4179 2461 4216 :
2493 4160 2657 4215 Pauci
2700 4160 2824 4214 mihi
2867 4159 3038 4214 stilum
3080 4154 3435 4227 ingeniumque

170 4243 223 4299 S.
251 4248 474 4303 Doctoris
504 4250 767 4318 exhibent,
817 4252 986 4320 plures
1028 4253 1370 4318 mentiuntur,
1418 4252 1626 4323 plurimi
1654 4252 1937 4320 offendunt.
1972 4252 2149 4323 Lupus
2179 4252 2544 4319 Christianus,
2588 4251 2681 4306 lib.
2727 4251 2794 4306 de
2830 4248 3046 4319 Origine
3072 4246 3434 4302 Eremitarum

169 4340 217 4397 S.
247 4347 372 4418 Aug.
400 4362 519 4419 cap.
550 4348 639 4413 55,
670 4362 769 4417 ope
795 4356 952 4417 atque
978 4362 1140 4417 opera
1170 4348 1315 4402 omni
1346 4347 1583 4411 enititur,
1613 4355 1672 4401 ut
1695 4361 1971 4403 sermones
2001 4346 2160 4401 iidem
2192 4346 2529 4416 abjiciantur.
2561 4344 2692 4397 Dico
2717 4344 2905 4413 itaque,
2935 4342 3028 4405 ait,
3059 4356 3118 4395 ac
3143 4328 3459 4393 constanter

172 4450 321 4493 assero
348 4445 585 4512 prtefatos
613 4441 735 4495 istos
762 4457 1013 4495 sermones
1042 4458 1143 4495 non
1168 4457 1275 4495 esse
1298 4440 1600 4510 Augustini,
1645 4440 1732 4495 sed
1759 4456 1863 4494 esse
1900 4456 2028 4511 apus
2062 4441 2228 4494 nescio
2266 4441 2412 4510 cujus
2454 4438 2759 4509 impostoris.
2790 4436 2858 4492 Et
2884 4436 3040 4505 paulo
3070 4440 3188 4504 post
3217 4449 3231 4486 :
3259 4430 3435 4486 Bonus

173 4542 273 4599 ergo
296 4532 379 4586 ille
399 4534 611 4586 istorum
637 4549 924 4587 sermonum
952 4542 1126 4587 auctor
1155 4533 1382 4587 imitatus
1410 4541 1481 4586 est
1507 4532 1673 4587 nescio
1699 4548 1826 4602 quos
1851 4533 2012 4587 nostri
2036 4533 2209 4587 steculi
2240 4533 2485 4597 homines,
2513 4533 2597 4602 qui
2625 4530 2839 4598 conﬁcta
2865 4525 3127 4590 miracula,
3159 4524 3356 4590 aliaque
3378 4522 3437 4576 id

173 4639 307 4690 genus
334 4627 467 4696 falsa
496 4627 564 4679 ad
589 4626 807 4696 alicujus
833 4627 1055 4697 religiosi
1086 4626 1294 4680 Ordinis
1317 4625 1518 4681 laudem
1545 4641 1606 4679 ac
1629 4624 2115 4680 commendationem
2144 4627 2196 4679 in
2221 4626 2398 4695 vulgus
2424 4640 2680 4695 spargere,
2703 4638 2809 4676 esse
2837 4628 3013 4691 putant
3038 4616 3245 4687 fraudes
3271 4616 3437 4671 licitas

173 4729 223 4766 ac
248 4718 367 4786 pias.
408 4718 612 4789 Nempe
648 4718 820 4788 palam
854 4734 960 4773 esse
1002 4719 1108 4782 ait,
1141 4727 1397 4772 auctorem
1426 4718 1580 4788 fuisse
1609 4719 1866 4772 eremitam
1896 4719 2330 4789 Augustinensem.
2379 4717 2619 4787 Denique
2661 4715 2726 4769 iis
2768 4713 3043 4783 operosius
3083 4710 3338 4766 discussis
3376 4718 3437 4766 et

175 4809 333 4864 multis
373 4810 425 4865 in
464 4824 713 4865 sermone
743 4810 777 4865 5
806 4810 1100 4865 observatis
1128 4809 1402 4865 erroribus
1429 4808 1701 4864 concludit
1729 4826 1743 4863 :
1772 4807 1978 4864 Constat
2002 4825 2119 4880 ergo
2142 4810 2353 4863 istorum
2376 4823 2661 4863 sermonum
2694 4814 2948 4858 auctorem
2976 4819 3077 4857 non
3102 4819 3207 4857 esse
3232 4801 3296 4857 S.
3325 4801 3437 4856 Au-

175 4899 445 4965 gustinum,
494 4900 580 4953 sed
626 4900 790 4953 nescio
834 4915 980 4962 quem
1021 4899 1457 4969 impudentissime
1498 4899 1825 4967 mendacem,
1873 4907 1961 4953 aut
2004 4899 2397 4968 profundissime
2433 4898 2740 4967 imperitum.
2786 4894 3088 4950 Bernartius
3116 4894 3436 4963 Vindingus,

177 4988 430 5061 theologus
458 4993 586 5047 item
618 4992 1031 5061 Augustinianus
1053 5031 1067 5057 ,
1096 5006 1321 5047 censura
1348 4990 1652 5046 Bellarmini
1679 4990 1888 5046 laudata
1928 4998 1981 5046 et
2021 4990 2242 5060 probata
2271 4990 2322 5043 in
2351 4986 2548 5044 Critico
2577 4987 2960 5058 Augustiniano
2978 5029 2993 5054 ,
3024 4986 3138 5041 haec
3167 4987 3306 5041 inter
3334 4986 3437 5039 alia

176 5084 339 5138 scribit
365 5085 430 5139 ad
457 5100 760 5141 sermonem
792 5086 826 5140 5
857 5104 869 5139 :
904 5085 1001 5151 Qui
1029 5086 1163 5139 enim
1190 5085 1476 5152 complures
1501 5085 1631 5139 alias
1656 5091 1702 5137 et
1726 5100 1865 5156 teque
1888 5084 2065 5139 stultas
2096 5082 2295 5154 fabulas
2325 5083 2387 5136 de
2418 5082 2591 5149 Petro,
2623 5080 2661 5135 Ι
2664 5081 2767 5135 uda
2796 5079 3140 5153 etSimplicio
3170 5096 3319 5135 serm.
3342 5078 3435 5146 28,

177 5174 228 5229 de
260 5177 443 5249 Cyrillo
482 5197 634 5234 serm.
676 5180 745 5234 55
765 5221 779 5247 ,
812 5178 874 5231 de
899 5177 1233 5247 Ethiopibus
1268 5178 1526 5248 acephalis
1564 5193 1714 5232 serm.
1755 5178 1853 5245 57,
1882 5176 1945 5231 de
1971 5177 2201 5246 sepulcro
2229 5175 2443 5230 Caesaris
2481 5191 2631 5227 serm.
2660 5174 2764 5241 48,
2798 5173 2860 5228 de
2901 5174 3121 5244 quadam
3163 5173 3333 5225 anima
3376 5169 3439 5221 de

178 5264 386 5339 IEgypto
411 5279 621 5325 exeunte
644 5286 794 5324 serm.
827 5268 915 5334 69,
948 5270 1227 5339 honoriﬁco
1254 5269 1523 5341 Augustini
1552 5268 1757 5324 nomine
1791 5267 2101 5323 comminisci
2134 5284 2290 5322 ausus
2309 5275 2410 5333 est,
2455 5284 2555 5321 non
2594 5283 2708 5320 eum
2744 5267 2919 5321 merito
2957 5275 3004 5320 et
3032 5265 3113 5317 hic
3141 5261 3439 5331 nequissime

178 5360 413 5414 mentitum
442 5376 535 5431 pro
560 5369 695 5415 certo
725 5361 976 5414 habeam?
1005 5370 1107 5415 etc.

236 5452 365 5507 Ante
386 5468 560 5508 annos
588 5451 781 5507 abhinc
809 5452 1022 5507 circiter
1052 5460 1318 5509 trecentos
1350 5452 1718 5507 collectionem
1744 5450 1901 5508 istam
1924 5450 2242 5508 Sermonum
2272 5451 2450 5524 (certe
2474 5466 2503 5506 a
2530 5452 2743 5507 nemine
2766 5449 2911 5520 prius
2934 5440 3230 5511 laudatam)
3259 5440 3433 5496 edidit

180 5539 569 5614 Augustinensis
592 5545 807 5600 Ordinis
832 5546 1052 5601 eremita
1082 5546 1403 5617 percelebris
1420 5587 1433 5611 ,
1459 5544 1722 5600 Jordanus
1750 5544 1820 5601 de
1847 5545 2084 5601 Saxonia
2106 5587 2121 5612 ,
2156 5546 2249 5616 qui
2266 5555 2419 5601 natus
2445 5541 2922 5612 Quindelimburgi,
2944 5539 3084 5592 diem
3112 5535 3243 5590 obiit
3274 5536 3435 5591 Vien-

180 5648 249 5690 na:
270 5638 333 5693 ad
358 5640 653 5697 Danubium
676 5681 690 5706 ,
718 5654 861 5695 anno
887 5639 1047 5695 1580.
1071 5640 1469 5710 Autographum
1498 5638 1717 5694 Jordani
1747 5648 1964 5697 servant
1988 5638 2102 5693 RR.
2131 5638 2235 5694 PP.
2269 5637 2636 5709 Augustiniani
2664 5636 2716 5689 in
2746 5631 2933 5701 majori
2975 5639 3239 5685 conventu
3283 5629 3436 5684 Pari-

182 5726 324 5784 siensi
344 5772 357 5795 ,
382 5731 485 5787 huc
503 5733 629 5788 olim
652 5731 1027 5787 transmissum
1048 5747 1175 5788 cura
1200 5733 1365 5803 ipsius
1387 5732 1619 5787 auctoris
1636 5773 1651 5799 ,
1669 5732 1761 5804 qui
1787 5731 2203 5788 admonitionem
2226 5732 2279 5786 in
2304 5730 2476 5786 fronte
2497 5725 2783 5783 voluminis
2807 5724 3017 5794 scripsit
3033 5724 3087 5778 in
3105 5723 3218 5779 hmc
3236 5723 3395 5777 verba
3416 5740 3429 5775 :

185 5819 301 5887 Quia
318 5827 466 5895 juxta
495 5830 681 5884 dictum
705 5828 960 5900 Sapientis
979 5870 994 5898 ,
1019 5829 1099 5885 Ad
1120 5830 1284 5886 locum
1305 5830 1440 5886 unde
1458 5838 1639 5886 exeunt
1661 5829 1877 5900 ﬂumina
1899 5836 2229 5895 revertuntur,
2258 5836 2311 5880 ut
2338 5828 2515 5881 iterum
2539 5824 2705 5891 ﬂuant
2728 5837 2746 5877 .'
2774 5822 2890 5876 hinc
2916 5829 2988 5877 est
3013 5819 3148 5891 quod
3168 5834 3257 5891 ego
3276 5822 3433 5891 frater
