3934 6258
162 300 333 360 ιειθ

160 422 364 502 campi
402 418 623 502 ﬂoribus
652 417 1020 502 decorantur,“
1038 424 1179 501 terra
1218 420 1476 476 imbribus
1517 419 1769 502 fecundaf

162 489 618 559 tur,'frondibus
656 490 919 559 crispatur
960 489 1112 555 silva,
1149 489 1202 543 in
1247 504 1468 546 nemore
1495 490 1770 546 eitharizat

162 565 396 618 avicula
420 580 433 627 ;
475 561 651 617 omnia
679 561 786 614 Deo
812 559 1085 622 obediunt,
1114 567 1167 614 et
1196 560 1341 614 solus
1369 560 1529 615 homo
1552 560 1643 615 Dei
1672 576 1768 614 vo-

164 634 380 687 luntati
428 632 647 687 resistit.
680 630 725 684 0
763 630 1045 695 monache,
1080 630 1197 699 lege
1240 631 1381 699 quod
1411 631 1621 695 dicitur,
1655 631 1768 684 Me-

168 704 285 757 lior
318 713 390 758 est
421 702 700 782 obedientia
725 717 883 782 qitant
916 701 1115 782 victirno
1145 700 1187 782 (Ι
1212 699 1340 782 Reg.
1374 700 1609 782 χνηὲἳ).
1635 702 1770 782 Quae

169 789 353 829 causa
400 781 517 851 est,_
554 772 652 825 nisi
700 769 925 851 quiajn
971 769 1199 851 victimis
1247 769 1420 851 alie-na
1468 769 1771 827 immolatur

172 859 340 912 caro,
384 843 477 899 sed
505 842 557 896 in
583 840 883 897 Obedientia
909 840 1154 895 voluntas
1179 843 1392 911 propria
1423 852 1475 897 et
1499 858 1627 897 caro
1654 858 1767 896 ma-

174 911 403 970 ctatur?
452 912 637 967 Estote
686 926 846 982 ergo,
897 911 1085 982 fratres
1136 912 1260 975 mei,
1310 912 1654 974 obedientes,
1713 922 1770 966 ut

174 986 359 1040 Deum
392 984 602 1054 placare
626 981 858 1054 ‘possitis
893 981 1212 1054 deipeccatis
1250 983 1568 1037 commissis.
1602 982 1771 1036 Tanto

177 1057 336 1112 enim
364 1043 521 1133 citius
549 1043 721 1133 placat
757 1051 920 1133 homo
948 1043 1135 1118 Deum,
1161 1062 1361 1133 quanto
1400 1067 1643 1133 repressa
1679 1068 1768 1107 ar-

178 1126 338 1181 bitrii
364 1125 445 1180 sui
471 1122 718 1193 superbia
744 1122 925 1193 gladio
946 1122 1195 1193 prmeepti
1222 1136 1281 1177 se
1305 1122 1563 1193 immolat.

261 1196 461 1252 Cavete
490 1190 665 1273 tamen
693 1190 1096 1273 in'obedientia,
1122 1190 1319 1273 fratres
1346 1192 1449 1246 mei
1472 1210 1493 1273 ;.
1531 1192 1631 1247 sub
1658 1193 1769 1273 ipsa

183 1267 336 1322 enim
382 1264 769 1335 potesthlatere
812 1261 1168 1335 fel_draconis
1214 1262 1313 1335 sub
1349 1263 1529 1335 specie
1574 1263 1768 1329 mellis,

183 1339 353 1406 lupus
382 1332 482 1390 sub
509 1333 645 1403 pelle
672 1333 828 1406 ovina
857 1350 869 1384 :
898 1332 949 1385 in
990 1341 1119 1400 potu
1162 1332 1302 1386 enim
1331 1332 1471 1406 dulci
1506 1347 1769 1406 venenum

184 1401 339 1476 saepe
364 1401 553 1468 latitat,
596 1412 650 1476 et
664 1403 731 1476 _in
760 1401 865 1456 olla
891 1417 1032 1476 sape
1063 1415 1216 1476 _t_n0r_s
1254 1404 1487 1476 ponitur.
1518 1403 1772 1476 Attendat

186 1471 321 1555 ergo
344 1476 441 1555 _qui
465 1472 807 1555 prmcipit,_et
830 1472 919 1555 qui
944 1471 1164 1555 obedire
1174 1472 1437 1555 intendit,
1482 1473 1622 1555 quod
1646 1473 1771 1555 obe-

186 1541 393 1603 dientia
438 1541 507 1598 sit
552 1541 798 1609 honesta,
849 1550 903 1595 et
950 1542 1091 1596 omni
1135 1541 1457 1597 discretione
1499 1541 1767 1596 decorata.

186 1617 325 1673 Nam
377 1616 422 1669 si
451 1615 681 1669 discreta
724 1626 827 1665 non
872 1611 1046 1676 fuerit,
1096 1611 1383 1667 crudelitas
1422 1612 1768 1667 existimanda

187 1698 275 1744 est
302 1705 315 1741 :
346 1686 394 1740 si
423 1684 644 1738 honesta
676 1698 784 1737 non
812 1681 991 1745 fuerit,
1026 1683 1330 1737 nullatenus
1356 1682 1573 1736 obedire
1603 1682 1766 1735 debe-

188 1771 336 1813 mus.
373 1754 535 1809 Verbi
564 1753 754 1823 gratia,
797 1752 841 1806 si
880 1753 1032 1823 nobis
1077 1752 1399 1823 praccipitur,
1433 1752 1575 1821 quod
1605 1753 1769 1806 Deum

186 1843 299 1884 non
318 1822 627 1895 diligamus,
653 1823 738 1895 vel
763 1822 903 1895 quod
934 1822 1099 1875 Deum
1126 1822 1249 1895 odio
1278 1822 1586 1895 habeam_us,
1617 1837 1771 1895 num-

187 1898 318 1968 quid
337 1891 571 1972 _obédire
598 1892 891 1972 debemus?
921 1891 1175 1972 numquid
1217 1892 1455 1972 velnipse
1491 1892 1772 1972 Deushoc

185 1962 484 2041 pmipere
531 1964 741 2041 potest?
788 1962 1018 2041 Honesta
1066 1962 1268 2041 igitur,
1304 1962 1521 2041 fratres,
1554 1962 1769 2041 .debent

187 2030 415 2109 ᾖτωοίᾖί
450 2043 504 2090 et
524 2030 671 2109 iusta
696 2050 707 2084 :
739 2032 860 2109 et_s_i
888 2030 1111 2087 honesta
1135 2032 1219 2109 vel
1250 2032 1389 2109 insta
1417 2046 1525 2109 non
1551 2030 1763 2109 fuerint,

187 2101 495 2163 bullatenus
522 2101 739 2159 obedire
777 2102 1051 2163 debemus,
1090 2101 1295 2156 etiamsi
1324 2101 1591 2169 apostolus
1618 2102 1771 2157 nobis

188 2178 296 2233 hoc
326 2175 659 2231 indicaverit.
690 2173 890 2227 Tenete
919 2173 1096 2241 igitur,
1126 2170 1318 2225 fratres
1346 2172 1471 2236 mei,
1500 2180 1553 2226 et
1581 2172 1631 2225 in
1653 2186 1771 2225 cor-

190 2248 350 2303 dibus
378 2246 570 2301 vestris
616 2242 1025 2322 alligatenquod
1071 2241 1380 2322 Obedientia
1414 2242 1527 2322 sine
1567 2241 1769 2322 discre:

190 2320 339 2373 tione
369 2330 518 2391 cassa
547 2322 648 2380 est,
675 2310 727 2367 et
753 2312 915 2391 venit,
945 2326 1052 2391 non
1071 2327 1132 2391 ex
1160 2320 1309 2391 parte
1332 2310 1647 2391 obcdientis,
1677 2312 1771 2366 sed

191 2385 591 2463 prtec‘ipientis:
624 2393 678 2437 et
722 2382 1025 2463 obedientia
1070 2381 1349 2463 honestate
1406 2381 1629 2463 privata,
1684 2397 1774 2463 su-

191 2451 380 2529 perbia
406 2464 508 2531 est,
540 2464 592 2509 et
607 2453 762 2531 venit
790 2468 853 2531 ex
885 2451 1158 2531 utriusque
1185 2462 1355 2531 parte,
1388 2453 1772 2531 consentientis

192 2521 247 2583 ot
288 2524 769 2597 praecipientis,“
814 2524 866 2597 in
891 2522 982 2597 die
1021 2521 1310 2597 novissimo
1353 2521 1461 2591 pari
1492 2536 1644 2591 ptena
1674 2537 1770 2591 pu-

192 2591 429 2654 nientur.
458 2591 753 2651 'Custodite
775 2592 907 2663 quid
949 2591 1296 2663 fprmcipitis,
1332 2600 1514 2646 cavete
1558 2602 1610 2645 et
1637 2607 1772 2663 pon-

193 2669 380 2743 derate
422 2666 550 2743 quid
590 2661 878 2743 imponitis.
925 2661 1116 2743 Verum
1161 2663 1595 2743 quotiescumque
1642 2662 1772 2716 obe-

193 2738 395 2795 dientia
424 2732 647 2790 honesta
668 2732 746 2788 iet
765 2736 907 2801 justa
936 2747 1040 2785 non
1070 2732 1245 2795 fuerit,
1280 2733 1435 2785 toties
1476 2732 1541 2785 ad
1572 2732 1775 2802 irregu-

193 2810 463 2864 laritatem
481 2821 538 2860 se
556 2804 834 2859 devenisse
853 2810 1089 2872 pastores
1110 2804 1442 2871 agnoverint.
1466 2802 1772 2857 Obedientia

192 2880 379 2949 igitur,
413 2875 607 2931 fratres
632 2876 755 2949 mei,
786 2883 912 2949 tunc
939 2888 1084 2939 vera,
1117 2880 1239 2949 tunc
1267 2880 1626 2949 sancta,_tunc
1659 2888 1771 2927 me-

191 2941 379 3005 ritoria
408 2955 512 3011 est,
532 2944 763 3022 quando
789 2944 951 3022 ditata
982 2953 1063 2997 est
1102 2941 1443 3022 discretione,
1474 2942 1770 3022 honestate,

188 3019 397 3091 iustitia
443 3026 496 3091 et
532 3013 847 3091 humilitate.
880 3013 995 3067 Ista:
1042 3013 1180 3091 enim
1227 3021 1349 3091 sunt
1378 3013 1538 3091 sociae
1579 3022 1774 3067 sancta:

189 3082 536 3149 obedientiic,
566 3086 681 3139 sine
703 3084 894 3154 quibus
923 3084 1096 3154 omnis
1124 3082 1423 3137 Obedientia
1452 3098 1581 3136 vana
1614 3092 1695 3137 est
1719 3094 1771 3138 et

190 3158 565 3234 inutilis._llaec
584 3163 678 3234 est_
687 3153 780 3234 illa
804 3153 1102 3209 Obedientia
1133 3168 1251 3234 qua:
1279 3154 1617 3234 concordiam
1633 3169 1774 3234 icon-

188 3238 376 3286 servat
419 3228 472 3281 in
514 3225 750 3296 Angelis,
796 3239 1000 3307 pacem.
1025 3222 1190 3307 nutr'i‘t
1220 3222 1271 3275 in
1300 3222 1593 3307 monachis,
1626 3233 1773 3307 t_r_an-

186 3300 514 3382 quillitatem
556 3292 777 3382 sénsrst
796 3292 1106 3382 Ξειείνίιξξιὲς
1138 3292 1261 3382 iis?
1290 3293 1495 3382 erit.“
1524 3294 1775 3382 9.1’_°_‘“9'.‘f

185 3365 286 3436 tia,
340 3370 459 3423 sine
481 3365 588 3444 qua
632 3365 929 3444 respublica
972 3373 1130 3444 stare
1153 3379 1257 3444 non
1289 3372 1478 3431 potest,
1527 3367 1640 3418 sine
1672 3380 1775 3444 qua

186 3433 399 3496 familia
447 3433 620 3504 aliqua
668 3433 778 3503 regi
819 3451 922 3488 non
961 3441 1155 3504 potest.
1189 3433 1233 3486 0
1264 3448 1419 3504 quam
1449 3448 1665 3488 enorme
1694 3433 1775 3487 vi-

185 3512 356 3573 tium,
409 3501 551 3577 quod
598 3501 911 3577 Obedientia;
960 3501 1287 3577 contrarium
1336 3501 1466 3557 fuit!
1520 3504 1776 3577 Perhhoc

184 3573 444 3635 diabolus
490 3576 682 3631 ccelum
715 3575 961 3644 perdidit,
1006 3589 1098 3642 per
1139 3575 1239 3627 hoc
1279 3576 1438 3644 homo
1474 3573 1775 3643 paradisum

183 3649 400 3713 amisit,
426 3663 519 3716 per
541 3647 641 3701 hoc
675 3642 799 3716 sam
827 3660 1068 3716 regnum,
1102 3658 1195 3713 per
1223 3644 1323 3698 hoc
1349 3642 1597 3716 Salomon
1626 3660 1776 3699 amo-

181 3736 314 3778 rem
359 3714 616 3773 divinum.
667 3715 712 3770 0
758 3724 937 3768 sancta
968 3715 1061 3768 Dei
1105 3728 1299 3782 sponsa
1345 3714 1674 3769 Obedientia!
1723 3724 1778 3768 tu

182 3792 436 3863 perfecta
463 3788 603 3841 scala
633 3801 692 3843 es
717 3801 821 3865 qua
840 3785 1042 3865 coelum
1066 3784 1398 3865 ascenditur,
1435 3794 1490 3865 tu
1525 3784 1777 3865 quadriga

222 3877 300 3916 ua
332 3860 475 3915 Elias
501 3864 683 3934 vectus
722 3853 803 3909 est
840 3856 893 3909 in
922 3853 1243 3934 paradisum,
1275 3863 1328 3906 tu
1370 3862 1521 3934 porta
1542 3853 1778 3934 paradisi

226 3930 471 3992 delibus,
504 3937 557 3982 et
590 3927 831 3980 clausura
866 3923 1131 3978 recrum’.
1165 3923 1209 3977 0
1248 3932 1431 3977 sancta
1457 3924 1775 3990 Obedientia,

184 4012 245 4057 tu
272 3998 637 4054 humilitatem
662 3996 853 4059 nutris,
886 4004 938 4048 tu
967 3994 1277 4064 patientiam
1302 3993 1512 4064 probas,
1547 4000 1604 4048 tu
1632 4008 1781 4048 man-

183 4066 887 4144 suetudinem_e:t_aminas.
944 4063 1125 4144 E_s_t0te
1181 4078 1327 4133 ergo,
1382 4063 1606 4144 fratres“,
1659 4079 1779 4144 cum

183 4141 478 4197 Abraham
522 4134 1200 4215 obedienteshreddentc's.
1229 4149 1346 4203 quae
1386 4144 1511 4187 sunt
1553 4133 1781 4215 Caesaris

185 4209 426 4274 Caesari,
455 4217 509 4262 et
537 4222 655 4276 qua:
698 4214 821 4260 sunt
862 4205 954 4258 Dei
981 4205 1118 4285 Deo._
1159 4204 1306 4285 Time
1346 4218 1471 4258 vero
1510 4204 1782 4285 reddimus

188 4280 406 4336 Caesari
447 4273 682 4333 debitum
729 4290 905 4341 suum,
947 4274 1158 4343 quando
1185 4273 1379 4327 duliam
1411 4274 1645 4342 przelatis
1688 4289 1783 4328 no-

192 4351 333 4405 stris
359 4348 649 4403 reddimus.
683 4346 807 4400 llmc
836 4346 977 4399 enim
1005 4344 1145 4398 dulia
1170 4344 1411 4399 consistit
1450 4344 1503 4398 in
1532 4360 1784 4400 reveren-

198 4423 296 4475 tiae
320 4419 646 4474 exhibitione
672 4425 725 4470 et
748 4416 1053 4470 dilectione.
1085 4414 1197 4469 Hoc
1220 4422 1395 4468 autem
1418 4412 1594 4470 facere
1618 4415 1783 4470 debe-

196 4505 331 4546 mus
372 4504 477 4543 non
498 4488 691 4565 _solum
723 4484 1185 4565 pastoribustsed
1228 4492 1282 4538 et
1326 4486 1522 4565 sanctis
1563 4486 1692 4565 Dei;
1732 4494 1786 4565 et

201 4571 337 4614 tunc
386 4558 658 4614 reddimus
696 4554 788 4626 per
825 4554 1179 4626 obedientiam
1227 4570 1344 4623 qum
1386 4563 1509 4626 sunt
1560 4554 1785 4610 Catsaris

199 4630 429 4685 Caesari.
645 4625 769 4707 tunc
816 4625 1090 4680 reddimus
1138 4640 1254 4707 qua:
1308 4634 1436 4706 sunt
1484 4625 1781 4707 DeinDe‘o,

200 4702 423 4770 quando
470 4698 1157 4770 inglatriaperseveramus
1182 4713 1194 4748 :
1224 4694 1336 4770 hoc
1353 4696 1495 4749 enim
1537 4696 1636 4751 soli
1677 4697 1787 4770 Deo

199 4765 471 4838 congruit.
506 4765 805 4846 Haecenim
845 4766 1086 4846 consistit
1127 4765 1180 4846 in
1208 4766 1466 4846 oratione,
1508 4775 1563 4821 et
1588 4768 1787 4846 gratia-

180 4836 335 4894 rum
362 4840 589 4903 actione,
617 4845 674 4893 et
710 4836 883 4890 cultus
912 4836 1192 4890 exterioris
1234 4836 1574 4903 exhibitione,
1606 4836 1674 4893 et
1703 4838 1786 4891 in-

204 4910 425 4964 terioris
470 4909 662 4963 mentis
691 4905 993 4961 devotione.
1025 4906 1393 4977 Quodﬂfacere
1423 4922 1521 4961 nos
1567 4916 1623 4963 et
1662 4923 1787 4977 per-

204 4993 463 5034 severare
501 4979 655 5034 nobis
696 4978 837 5032 Deus
875 4985 1129 5046 praestare
1154 4976 1399 5046 dignetur
1435 4978 1487 5031 in
1531 4976 1789 5033 aeternum

203 5049 547 5105 benedictus.
581 5050 771 5104 Amen.

803 5138 1031 5195 SERMO
1067 5138 1203 5195 VIII.

727 5248 794 5287 DE
831 5246 1278 5287 PERSEVERANTIA.

285 5325 504 5379 Fratres
543 5323 668 5389 mei,
709 5324 847 5378 sicut
874 5323 947 5377 ait
975 5323 1287 5393 Apostolus,
1315 5321 1434 5376 Non
1464 5330 1622 5393 potest
1651 5338 1794 5377 coro-

211 5396 353 5457 nari,
383 5395 478 5448 nisi
506 5395 588 5464 qui
618 5395 832 5464 legitime
864 5392 1121 5447 certaverit
1157 5392 1221 5465 (ll
1247 5392 1379 5446 Tim.
1412 5409 1466 5457 tt,
1499 5393 1574 5465 5).
1608 5393 1793 5447 Nullus

209 5467 358 5522 enim
391 5466 625 5535 legitime
654 5474 842 5545 certat,
877 5464 981 5546 nisi
1018 5465 1106 5534 qui
1135 5464 1187 5518 in
1225 5478 1412 5546 campo
1440 5464 1606 5546 usque
1642 5465 1708 5546 ad
1736 5464 1795 5517 li-

209 5551 341 5593 nem
382 5534 550 5591 certat
593 5554 605 5589 :
639 5545 692 5589 et
735 5535 777 5589 si
818 5541 989 5589 certat
1034 5550 1204 5605 usque
1245 5534 1311 5589 ad
1352 5536 1532 5604 linem,
1562 5535 1795 5606 legitime

278 5734 624 5806 {forte,qu_i.
658 5735 797 5797 Fditi,
820 5733 986 5805 quod”
1026 5796 1047 5806 _
1132 5796 1142 5806 _

276 5799 300 5829 -
320 5798 459 5861 Editi.
482 5796 767 5850 ei'ctausura
783 5796 953 5850 eorum
966 5796 1159 5862 inferni.

1219 300 1309 355 AD
1346 300 1665 359 FRATRES
1703 298 1767 354 IN
1803 298 2040 355 EREMO
2076 300 2305 359 SERMO
2344 302 2477 359 Vlll.

3323 312 3461 369 i250

1877 426 2046 473 certat
2062 420 2125 497 ξε
2159 419 2279 475 ideo
2314 421 2506 497 merito
2544 431 2845 497 coronatur.
2874 423 2989 480 Non
3019 434 3101 481 est
3143 427 3301 497 igitur
3332 444 3451 484 ma-

1876 503 2037 557 gnum
2073 489 2291 563 bonum,
2339 490 2591 563 inchoare
2632 493 2773 563 quod
2799 494 2995 549 bonum
3027 489 3283 563 estfsed
3324 515 3453 555 con-

1876 574 2182 632 summare,
2244 560 2344 632 hoc
2394 562 2564 615 solum
2608 560 2901 632 perfectum
2956 575 3057 621 est.
3106 560 3251 624 Multi
3307 573 3449 626 enim

1880 629 2043 683 multa
2095 631 2506 700 aggrediuntur,
2562 629 2654 686 sed
2706 632 2960 688 deficiunt
3007 636 3058 689 in
3111 638 3191 690 via
3240 657 3253 692 :
3297 642 3448 696 multi

1875 709 2070 772 exeunt
2103 701 2155 772 in
2186 701 2478 772 desertum,
2519 703 2617 757 sed
2647 704 2796 772 pauci
2825 706 3138 772 perveniunt
3162 708 3225 761 ad
3254 718 3450 766 terram

1876 771 2265 848 promissionis:
2313 768 2594 848 eratres
2647 768 2772 848 inci,
2817 768 2931 848 non
2983 775 3174 848 taedeat
3221 778 3452 848 incipere

1874 853 2085 908 magna,
2115 840 2471 917 nec_fastidiat
2500 850 2695 917 tenere
2728 843 3007 917 inchoata;
3055 846 3284 917 scientes
3314 840 3453 917 quod

1876 910 2269 988 perseverantia
2297 911 2546 965 informat
2567 914 2836 979 meritum,
2868 915 3074 970 colorat
3104 916 3227 970 boni
3256 910 3451 988 propo-

1875 978 2059 1056 s_itu_m,
2093 991 2412 1056 remunerat
2460 991 2781 1056 currentem,
2836 994 3056 1039 coronat
3107 978 3448 1056 pugnantem,

1874 1048 2019 1103 ducit
2042 1049 2108 1123 ad
2138 1050 2398 1123 bravium,
2430 1053 2678 1123 conducit
2708 1063 2928 1109 cunctos
2966 1055 3029 1109 ad
3062 1048 3291 1123 portom.
3329 1048 3452 1115 llmc

1874 1128 1956 1198 est
1983 1120 2367 1205 tunicantalaris
2396 1122 2563 1205 sancti
2590 1122 2811 1205 Joseph,
2842 1140 3009 1205 usque
3037 1120 3102 1180 ad
3132 1130 3287 1205 linem
3320 1144 3451 1205 con-

1876 1188 2102 1268 tingens.
2146 1189 2382 1268 Ηώς-εει
2408 1192 2583 1245 tunica
2626 1188 2970 1268 sacerdotalis
2999 1210 3163 1265 usque
3192 1198 3257 1251 ad
3287 1201 3451 1268 pedes

1874 1259 2209 1380 Berveniens.
2250 1259 2376 1314 Haec
2415 1270 2495 1314 est
2541 1262 2706 1316 cauda
2755 1263 2962 1330 ltostite,
3014 1259 3171 1334 quam
3210 1259 3453 1324 tenemur

1920 1343 1986 1380 eo
2030 1329 2254 1380 reddere
2300 1339 2354 1380 et
2391 1331 2602 1380 offerre.
2655 1332 2779 1380 Hmc
2822 1343 2906 1380 est
2949 1336 3252 1380 mlmnmim
3301 1340 3451 1380 linum

1920 1343 1986 1382 eo
2030 1329 2254 1383 reddere
2300 1339 2354 1383 et
2391 1331 2602 1386 offerre.
2653 1332 2779 1387 Haec
2822 1343 2906 1388 est
2949 1329 3254 1391 calcaneum
3301 1340 3451 1395 honre

1874 1398 2217 1521 ogerationis,
2249 1402 2389 1467 quod
2421 1411 2603 1455 contra
2642 1406 2904 1471 serpentis
2932 1420 3168 1460 morsum
3196 1408 3451 1464 debemus

1874 1481 1906 1519 o
1946 1483 2175 1521 servare.
2219 1469 2345 1521 Haec
2373 1480 2454 1521 est
2481 1472 2669 1521 virtus-
2702 1488 2821 1521 mm
2851 1475 3012 1521 Delum
3045 1476 3187 1521 ligat-
3220 1478 3342 1521 Hmn
3370 1491 3445 1521 ρςΙ

1874 1469 2175 1523 observare.
2219 1469 2345 1546 Haec
2373 1472 2669 1546 est‘virtus,
2702 1469 2821 1546 quae
2849 1475 3013 1529 Deum
3044 1476 3188 1546 ligat.
3220 1478 3343 1533 Hmc
3370 1491 3451 1534 est

1875 1552 2193 1616 qum_omne
2238 1539 2433 1593 bonum
2467 1539 2734 1596 informat;
2771 1544 2895 1616 llzec
2921 1553 3002 1599 est
3029 1539 3442 1616 perseverantia,

1874 1622 1974 1675 qua
2006 1608 2312 1686 laureantur
2354 1619 2636 1686 martyres,
2690 1628 2791 1681 qua
2822 1608 3052 1686 virgines
3096 1608 3444 1686 coronantur,

1873 1691 1977 1745 qua
2007 1678 2311 1733 sacerdotes
2350 1678 2721 1735 subliinantur’
2746 1692 2801 1737 et
2832 1678 3183 1741 corifessores.
3218 1688 3341 1743 llaec
3369 1678 3452 1744 est

1874 1748 2038 1819 vestis
2086 1748 2202 1819 sine
2246 1763 2397 1817 ruga,
2444 1751 2617 1804 tunica
2664 1752 2780 1807 sine
2825 1756 3049 1819 macula,
3089 1756 3295 1813 bonitas
3334 1760 3451 1815 sine

1874 1818 2095 1893 malitia.
2127 1816 2171 1871 0
2195 1816 2473 1893 monache,
2506 1821 2596 1889 qui
2622 1821 2759 1877 bene
2797 1816 3062 1893 inccepisti
3093 1828 3287 1893 vivere,
3318 1844 3448 1886 cave

1873 1901 1942 1939 ne
1985 1886 2052 1966 ad
2096 1896 2305 1957 tempus
2335 1886 2599 1966 virescas;
2648 1906 2776 1966 cave
2827 1910 2893 1948 ne
2934 1886 3057 1949 feno
3098 1886 3446 1966 compareris,

1873 1956 2013 2025 quod
2044 1972 2184 2011 nunc
2208 1956 2476 2021 nascitur,
2516 1969 2570 2012 et
2598 1961 2772 2015 statim
2801 1966 3099 2019 marcescit.
3127 1956 3451 2025 Laboremus

1874 2040 2022 2095 ergo,
2067 2026 2281 2093 fratres,
2324 2036 2377 2081 et
2417 2028 2719 2101 laborantes
2762 2047 3205 2101 perseveremus:
3238 2038 3449 2093 labore-

1876 2104 2010 2159 mus,
2061 2106 2116 2149 nt
2144 2099 2591 2165 perseverantiam
2620 2099 2926 2156 habeamus.
2961 2104 3227 2160 Laborent
3270 2122 3454 2163 mona-

1874 2165 1959 2219 chi
1990 2181 2196 2243 omnes,
2231 2176 2286 2220 ut
2327 2169 2590 2243 retineant
2615 2186 2627 2222 :
2650 2170 2893 2243 laborent
2917 2172 3171 2243 virgines,
3201 2185 3259 2230 ut
3285 2176 3452 2233 infor-

1874 2244 2061 2313 ment:
2090 2236 2331 2290 laborent
2374 2238 2566 2313 viduae,
2614 2248 2673 2293 ut
2711 2240 2764 2294 in
2814 2243 2925 2313 ipsa
2955 2236 3315 2313 pérseverent.
3358 2250 3454 2303 At-

1876 2305 2075 2360 tendite
2094 2314 2338 2388 "tamen,
2391 2306 2581 2388 fratres
2611 2326 2628 2388 ξ
2657 2325 2777 2365 nam
2830 2305 3073 2388 diabolus
3128 2317 3447 2388 quandoque

1874 2390 2061 2447 servos
2092 2377 2182 2447 Dei
2209 2375 2274 2447 ad
2302 2378 2498 2431 bonum
2524 2379 2710 2433 invitat
2752 2390 2806 2436 et
2829 2384 3095 2447 conducit,
3129 2375 3185 2439 ιῖι
3212 2386 3279 2441 de
3307 2375 3447 2444 bono

1875 2444 2085 2515 gravius
2112 2446 2287 2500 eliciat
2325 2447 2543 2500 malum.
2576 2449 2770 2504 Contra
2797 2451 2937 2506 hunc
2971 2444 3166 2509 diaboli
3196 2456 3450 2513 insultum

1875 2515 1985 2569 sola
2015 2516 2155 2570 valet
2197 2519 2611 2585 perseverantia,
2650 2528 2709 2573 ut
2744 2521 2886 2577 bono
2914 2522 3020 2578 fine
3061 2524 3197 2578 bona
3233 2528 3451 2583 conclu-

1875 2585 2067 2639 dantur
2109 2586 2252 2657 initia
2280 2603 2292 2639 :
2326 2596 2382 2640 ut
2405 2587 2713 2657 principium
2745 2591 2940 2656 medio,
2971 2594 3203 2648 medium
3247 2611 3314 2651 ne
3342 2597 3451 2652 dis-

1875 2664 2059 2725 crepet
2094 2656 2305 2710 ultimo.
2351 2656 2746 2713 Bonum'enim
2794 2661 3100 2717 inchoatum
3145 2680 3265 2719 cum
3309 2668 3453 2723 malo

1877 2724 1982 2779 line
2026 2726 2525 2801 cort‘cluderethuid
2563 2728 2711 2801 aliud
2755 2741 2837 2786 est
2877 2748 3033 2801 quam
3078 2745 3450 2792 monstruosas

1876 2810 1964 2849 res
2009 2796 2272 2871 coniicere
2288 2796 2440 2871 una
2491 2798 2632 2871 enim
2681 2801 2819 2855 actio
2863 2796 3013 2871 quasi
3056 2805 3304 2859 cltimmra
3345 2817 3447 2871 est,

1915 2881 1995 2918 ua:
2025 2866 2232 2919 initium
2251 2866 2409 2921 habet
2433 2882 2462 2920 a
2489 2869 2712 2936 ratione,
2741 2871 2833 2925 sed
2854 2866 3014 2927 finem
3041 2889 3069 2926 a
3088 2866 3449 2933 sensualitate.

1915 2881 1995 2918 ua:
2025 2880 2232 2919 nntium
2252 2880 2409 2921 habet
2433 2882 2462 2920 a
2489 2880 2712 2936 ratione,
2741 2880 2833 2925 sed
2854 2880 3014 2927 tinem
3041 2889 3069 2926 a
3088 2880 3449 2933 sensualitate.

1876 2880 2007 3016 Cum
2039 2936 2182 3015 enim
2212 2937 2295 3017 sic
2317 2938 2487 3017 agitur
2506 2978 2519 3002 ,
2552 2937 2786 3017 humano
2809 2943 2967 3017 capiti
2997 2945 3256 3000 cervicem
3283 2948 3454 3017 pictor

1878 3006 2123 3085 equinam
2148 3006 2344 3077 jungit,
2373 3016 2424 3061 et
2453 3009 2815 3085 superinducit
2841 3006 3193 3071 infructuosas
3224 3006 3448 3085 plomas.

1877 3076 2019 3156 Cave
2032 3091 2210 3156 "ergo,
2236 3093 2277 3156 ,ο
2306 3076 2589 3156 monache,
2618 3094 2683 3156 ne
2710 3082 2848 3135 actio
2888 3090 2991 3156 tua
3016 3076 3311 3156 monstrom
3356 3103 3451 3156 pa-

1879 3146 1998 3200 riat.
2029 3146 2278 3226 Enormis
2321 3148 2465 3226 enim
2512 3149 2624 3226 erit
2647 3149 2797 3226 _fetus
2826 3154 3046 3226 ventris,
3078 3155 3126 3226 si
3157 3157 3312 3226 capiti
3348 3146 3453 3213 non

1878 3215 2292 3284 correspondeat
2337 3217 2476 3271 finis.
2529 3218 2751 3284 Quidam
2798 3224 2941 3277 enim
3005 3215 3452 3282 habent'initium

1878 3284 2097 3367 honuni,
2144 3302 2371 3367 quorum
2425 3288 2529 3342 vita
2572 3300 2867 3367 monstrum
2911 3305 2992 3367 est
3032 3294 3274 3367 mirabile
3302 3298 3453 3367 quasi

1880 3355 2473 3428 hominisprzetendens
2503 3368 2694 3428 caput;
2726 3360 2821 3416 sed
2846 3363 3078 3418 medium
3110 3365 3160 3418 in
3187 3355 3452 3423 luxui'iam

1878 3424 2174 3498 descendit,
2204 3436 2549 3498 ventremque
2569 3424 2786 3485 ovinum
2814 3430 2993 3495 habet,
3022 3443 3076 3489 et
3106 3436 3171 3490 ad
3209 3438 3454 3493 ultimum

1880 3496 1934 3579 in
1960 3496 2303 3579 rapacitatem
2330 3496 2437 3567 lupi
2464 3496 2633 3579 pedes
2663 3501 2915 3556 ostendit.
2947 3502 2991 3558 0
3020 3507 3299 3579 monache,
3324 3508 3452 3579 quid

1884 3566 1972 3637 tibi
2004 3566 2219 3635 prodest
2242 3566 2437 3622 bonum
2466 3566 2749 3637 inchoare,
2791 3580 2846 3626 et
2887 3588 2994 3628 non
3026 3577 3183 3631 linem
3213 3566 3455 3633 ineltide-

1882 3636 1977 3690 re?
2003 3637 2056 3712 Si
2089 3637 2522 3712 bonumvirtutis
2550 3640 2785 3707 amittis,
2827 3641 3079 3699 damnum
3110 3647 3337 3703 incurris
3358 3690 3370 3712 ,
3403 3658 3457 3704 et

1881 3706 2080 3785 grande
2127 3707 2441 3785 supplicium
2487 3706 2829 3785 p_romereris.
2867 3712 2911 3767 0
2948 3730 3105 3785 quam
3148 3718 3338 3771 melius
3361 3706 3455 3773 tibi

1882 3777 2088 3856 fuisset,
2135 3777 2273 3830 viam
2312 3778 2559 3857 veritatis
2612 3795 2716 3835 non
2769 3777 3075 3857 agnoscere,
3125 3802 3282 3857 quam
3334 3796 3457 3857 post

1882 3849 2112 3926 agnitam
2140 3855 2284 3926 retro
2310 3847 2387 3901 ire
2416 3861 2511 3915 per
2538 3847 2974 3926 inconstantiam!
3007 3847 3353 3926 Omonache;
3380 3857 3456 3912 le-

1883 3917 1961 3969 vis
1990 3917 2258 3987 reputaris
2274 3931 2368 3987 per
2398 3926 2538 3969 luant
2567 3919 2906 3987 apostasiam,
2933 3938 3053 3976 cum
3073 3923 3207 3978 Juda
3229 3917 3457 3981 incurris

1884 3985 2078 4039 mentis
2106 3984 2502 4057 instabilitatem
2520 3984 2843 4057 ,{p—ostponis
2870 3991 3065 4057 Deum,
3094 3994 3290 4049 amittis
3319 3996 3455 4050 ami-

1884 4068 2195 4130 eos,__spem
2229 4055 2436 4130 perdis,
2485 4056 2609 4112 odio
2656 4055 2706 4112 a’
2733 4061 2938 4115 cunctis
2976 4055 3207 4130 haberis,
3234 4074 3287 4120 et
3315 4068 3458 4122 velut

1885 4125 2131 4198 omnibus
2161 4126 2309 4198 pejor
2350 4134 2593 4198 apostata
2634 4130 2994 4198 comprobaris
3021 4134 3074 4187 in
3103 4125 3229 4190 vita.
3258 4135 3303 4189 0
3344 4150 3458 4190 mo-

1886 4195 2075 4268 naehe,
2095 4195 2337 4268 attende
2376 4197 2495 4268 quia
2531 4197 2631 4252 nisi
2662 4195 3107 4268 perseveraveris,
3140 4214 3312 4260 morte
3336 4221 3457 4261 mo-

1886 4264 2254 4343 rieris._lg_itu_r
2300 4267 2344 4343 si
2394 4264 2979 4343 inempisti'aediﬁcare,
3015 4264 3245 4343 perﬁce;
3275 4277 3320 4330 si
3346 4292 3452 4332 non

1890 4336 2175 4414 inctepisti,
2208 4337 2410 4414 incipe.
2459 4338 2513 4391 Si
2538 4336 2789 4394 ’obtulisti
2821 4336 3329 4414 ilorem'juventutis
3356 4356 3459 4402 tute

1888 4405 2118 4469 diabolo,
2144 4406 2334 4460 saltem
2361 4406 2545 4463 fazeem
2575 4412 2863 4466 senectutis
2903 4421 3005 4468 tua:
3037 4405 3323 4471 immolare
3351 4432 3459 4471 non

1888 4476 2101 4552 differas
2125 4474 2357 4552 Christo.
2386 4476 3011 4552 ipseenim‘misericors
3031 4494 3131 4552 est,
3159 4494 3213 4540 et
3242 4486 3463 4552 recipiet

1891 4555 1942 4623 te
1970 4547 2213 4613 libenter,
2239 4555 2292 4602 et
2315 4546 2460 4602 dabit
2481 4549 2572 4623 tibi
2597 4550 2788 4605 stolam
2812 4546 3191 4623 candidam,'et
3209 4546 3461 4612 annulum

1891 4617 1943 4671 in
1991 4632 2151 4694 manu
2198 4625 2308 4684 tua,
2351 4625 2405 4673 et
2447 4619 2861 4694 calceamentum
2902 4624 2953 4677 in
2980 4617 3201 4694 pedibus
3226 4628 3329 4681 tuis
3360 4647 3373 4682 :
3405 4636 3460 4684 et

1893 4695 2035 4759 tunc,
2085 4688 2374 4759 inveterate
2411 4689 2535 4743 olim
2579 4690 2765 4759 diebus
2809 4688 2998 4759 malis;
3026 4697 3370 4753 renovabitur
3407 4700 3465 4753 ut

1892 4758 2080 4827 aquila:
2098 4758 2377 4839 “juventus
2418 4760 2527 4839 Ltua
2561 4758 2755 4816 durans
2813 4762 2867 4815 in
2909 4758 3186 4839 aeternum.
3240 4768 3465 4839 Incipite

1892 4826 2040 4900 ergo,
2094 4826 2283 4900 fratres
2329 4828 2452 4891 mei,
2481 4838 2535 4883 et
2578 4842 2936 4900 perseverate,
2966 4836 3281 4893 reducentes
3312 4826 3465 4894 vobis

1893 4897 1972 4951 ad’
1988 4898 2295 4979 memoriam
2321 4913 2348 4950 a
2374 4897 2740 4979 quanto’bono
2779 4897 3004 4979 recessit
3030 4906 3214 4973 Judas,
3256 4918 3310 4965 et
3334 4925 3468 4979 quo-

1895 4967 2055 5023 modo
2086 4968 2352 5049 ferventer
2374 4968 2508 5023 bene
2529 4984 2688 5038 agere
2707 4974 2899 5049 C(Bpit,_
2919 4974 3094 5047 lingua
3123 4967 3274 5035 vobis
3294 4967 3469 5049 ex'pri-

1896 5052 2043 5118 mere
2065 5037 2369 5119 nullatenus
2399 5037 2606 5119 possein
2631 5059 2646 5106 ;
2670 5037 2937 5119 quomodo
2966 5037 3139 5103 tamen
3167 5037 3470 5119 persevera-

1896 5109 2051 5183 verit,
2078 5108 2243 5183 scitis.
2267 5108 2403 5183 Ecce
2431 5109 2677 5183 Salomon
2688 5108 2793 5183 'per
2809 5108 3215 5172 inconstantiam
3236 5118 3466 5174 corruit:

1898 5179 1974 5255 sic
1997 5187 2050 5233 et
2075 5178 2219 5255 said,
2254 5179 2330 5233 sic
2355 5188 2408 5233 et
2433 5180 2583 5255 multi
2610 5178 2733 5238 alii’:
2767 5186 2888 5254 quia
2919 5189 3204 5243 multorum
3234 5189 3466 5255 incipere

1897 5249 2015 5313 fuit,
2042 5248 2135 5303 sed
2164 5252 2613 5323 perseverantium
2638 5248 2830 5323 parvus
2867 5266 2949 5312 est
2968 5272 3237 5312 numerus.
3278 5248 3472 5311 cavete

1899 5334 2027 5396 ergo
2060 5320 2326 5396 quomodo
2363 5330 2515 5377 caute
2536 5320 2848 5394 ambuletis,
2891 5327 3285 5396 considerantes
3330 5327 3471 5396 quod

1898 5392 1987 5461 qui
2018 5405 2076 5445 se
2121 5392 2389 5467 existimat
2420 5402 2582 5458 stare,
2627 5396 2802 5467 videat
2835 5392 2915 5450 ne
2956 5395 3129 5450 cadat.
3173 5396 3316 5467 Felix
3348 5392 3475 5467 ergo

1901 5462 2150 5533 est,rqui
2216 5475 2521 5532 perseverat
2567 5466 2703 5520 bene
2760 5465 2934 5520 facere
2984 5480 3152 5533 usque
3192 5465 3243 5520 in
3289 5462 3473 5522 ﬁnem.

1901 5532 2050 5659 good
2106 5533 2303 5589 donum
2354 5544 2571 5604 praestet
2621 5535 2772 5589 nobis
2812 5535 2898 5589 ille
2926 5537 3012 5605 qui
3036 5532 3131 5606 pro
3161 5539 3313 5593 nobis
3342 5539 3478 5594 mori

1939 5606 2143 5659 ianatus
2162 5615 2259 5659 est.
2294 5607 2485 5659 Amen.

1939 5606 2143 5675 ignatus
2162 5615 2259 5660 est.
2294 5607 2485 5662 Amen.

1968 5741 1983 5771 ι
2010 5746 2117 5789 Hcce
2155 5740 2317 5797 verba,
2343 5745 2388 5787 et
2426 5735 2469 5787 si
2498 5738 2708 5786 certat...
2733 5732 2940 5801 legitime
2978 5744 3145 5804 certat,
3169 5752 3267 5793 non
3301 5740 3482 5803 ωυθω

1909 5810 2011 5851 MSS.
