3934 6258
570 303 709 358 1255

567 417 614 472 si
646 420 928 482 antequam
968 407 1035 463 ad
1080 419 1317 482 eremum
1341 405 1701 482 pervenimus
1721 445 1735 468 ,
1762 402 1908 457 visus
1934 415 2040 482 nos
2070 402 2155 456 in-

568 473 806 541 curvavii
839 495 932 551 per
959 473 1442 551 concupiscentiam
1467 476 1553 551 ,_si
1596 483 1774 551 guttur
1820 488 1914 543 per
1954 473 2150 542 gulam,

569 560 615 611 si
646 545 854 608 auditus
880 566 975 620 per
994 545 1365 608 enormitatem
1390 547 1675 620 verborum
1696 545 1778 620 vel
1807 553 2154 620 spontaneam

569 614 918 681 detractionis
945 619 1267 692 audientiam
1287 659 1299 683 ,
1334 620 1376 692 si
1405 619 1579 687 lingua
1608 614 1928 692 claudicavit
1962 614 2157 692 infer:

568 697 659 761 bo,
685 697 728 750 si
755 694 982 758 olf‘actus
1007 691 1203 745 erravit
1230 681 1292 742 in
1310 681 1750 761 odtoramento,_si
1766 693 1954 761 tactus
1966 681 2160 761 fefellit

571 768 624 823 in
649 753 930 826 suavitate,
961 753 1003 816 si
1031 773 1246 832 gressus
1275 759 1340 812 ad
1369 759 1587 832 furtum,
1615 757 1739 832 si_in
1766 754 1850 808 his
1875 754 1956 808 vel
1982 753 2158 832 aliquo

568 839 792 893 istorum
837 824 1103 888 inveneris
1128 831 1369 898 culpam,
1401 828 1560 898 ablue
1598 827 1808 896 culpam
1853 839 1950 898 per
1982 824 2156 892 lacry-

570 924 712 964 mam
746 925 758 960 :
800 906 950 975 juxta
977 895 1325 975 quantitatem
1369 897 1544 953 sordis
1575 895 1825 951 mensura
1852 895 2154 975 ‘lacrymas,

571 972 893 1040 assumendo
933 972 1342 1044 paenitentiam,
1389 983 1507 1045 qua:
1559 972 1867 1045 mater_est
1919 972 2157 1045 omnium

571 1035 855 1103 bonorum.
905 1035 1088 1099 Timor
1129 1051 1306 1096 autem
1351 1035 1439 1108 qui
1491 1037 1857 1108 paenitentiam
1901 1035 2152 1108 concipit,

571 1116 1040 1187 compunctionem
1071 1112 1227 1182 parit.
1263 1105 1584 1187 Pmniteritia
1621 1109 1712 1187 illa
1741 1107 1909 1187 digna
1928 1114 1998 1187 et_
2019 1105 2156 1187 bona

571 1175 835 1257 estfquae
876 1175 1092 1254 peccata
1129 1180 1621 1257 peracta‘deplorat
1647 1179 1723 1233 sic
1744 1218 1758 1242 ,
1789 1175 1845 1257 ut
1878 1175 2158 1257 deplorata

571 1247 770 1314 iterum
816 1247 923 1311 non
965 1247 1283 1327 committat.
1334 1247 1487 1327 Quid
1523 1264 1650 1327 ergo
1701 1247 2010 1318 pwnitentia
2055 1255 2156 1327 est,

571 1330 674 1384 nisi
709 1338 834 1382 ante
859 1334 974 1381 acta
1002 1323 1199 1378 deﬂere
1219 1365 1235 1389 ,
1266 1329 1320 1376 et
1346 1321 1521 1375 flenda
1552 1323 1742 1374 iterum
1779 1332 1881 1371 non
1911 1321 2158 1370 commit-

571 1399 733 1456 tere?
779 1397 909 1451 Nam
948 1395 1140 1464 quisic
1176 1401 1388 1464 peccata
1428 1391 1702 1464 deplorat,
1732 1397 1791 1444 ut
1816 1389 2008 1464 iterum
2035 1401 2159 1456 pec-

571 1478 689 1525 cata
729 1459 1066 1530 committat,
1098 1459 1274 1518 adhuc
1322 1461 1686 1530 pmnitentiarn
1729 1473 1887 1528 agere
1928 1459 2155 1530 ignorat.

571 1538 839 1610 Numquid
860 1547 912 1610 et
939 1537 1027 1610 qui
1053 1527 1374 1610 dissimulat,
1400 1532 1584 1610 irrisor
1607 1527 1822 1610 _est,net‘
1843 1527 1963 1610 non
1991 1527 2158 1610 poeni:

572 1598 746 1674 tens;
781 1609 871 1674 qui
916 1598 1090 1660 adhuc
1141 1605 1248 1674 agit
1291 1601 1430 1674 quod
1477 1601 1700 1671 poenitet
1718 1600 1749 1674 ?_
1785 1598 2160 1674 Poeniteamini

576 1669 756 1750 igitur,
792 1669 984 1750 fratres
1024 1676 1148 1742 mei,
1177 1669 1234 1729 ct
1261 1669 1582 1750 prbuitentes
1609 1671 1976 1750 pmniteutiam
2018 1669 2158 1750 agite

574 1739 628 1805 in
654 1739 779 1806 ﬂetu
806 1758 859 1804 et
895 1739 1169 1812 lamento’;
1201 1739 1439 1814 ut'digne
1465 1739 1642 1798 ridere
1669 1741 1885 1811 possitis
1914 1740 1966 1794 in
1991 1739 2160 1810 gloria

571 1821 871 1878 beatorum.
901 1819 1090 1874 Amen.

1178 1905 1261 1961 SE
1271 1904 1410 1958 [ὶΜο
1445 1901 1562 1957 XII.

944 2015 1012 2052 DE
1050 2011 1300 2051 SUPEBBIA
1346 2010 1414 2048 ΕΤ
1455 2006 1803 2047 ιιωιιιιτΑΤε.

647 2091 862 2146 Fratres
887 2086 1207 2152 charissimi,
1239 2085 1327 2139 ubi
1368 2083 1615 2154 superbia
1648 2081 1822 2154 fuerit,
1854 2080 1926 2135 ibi
1953 2088 2006 2136 et
2026 2095 2160 2154 con-

577 2162 795 2219 tumelia
825 2168 879 2215 et
918 2151 1201 2214 discordia
1227 2151 1659 2210 domina—buntur.
1708 2151 1824 2206 Non
1852 2167 1979 2222 ergo
2009 2151 2162 2206 decet

577 2247 764 2290 servos
802 2231 896 2286 Dei
927 2230 980 2284 in
1006 2240 1189 2283 eremo
1227 2227 1547 2280 constitutos
1584 2223 1843 2292 superbos
1883 2237 2000 2277 esse
2023 2263 2036 2284 ,
2065 2222 2160 2277 sed

575 2303 810 2360 humiles
834 2318 848 2367 ;
897 2314 1003 2356 non
1041 2297 1211 2352 elatos
1233 2338 1246 2360 ,
1274 2296 1368 2367 sed
1411 2303 1718 2349 mansuetos
1734 2333 1759 2367 ,_
1781 2300 1991 2367 castos,_
2011 2292 2158 2347 beni-

575 2388 710 2446 gnos
728 2414 742 2439 ,
777 2363 1116 2446 etornnibus
1144 2366 1428 2446 virtutibus
1453 2365 1935 2446 ornatos..t}avet_e,
1966 2363 2157 2446 fratres

575 2432 682 2500 Fuci
703 2432 801 2510 ,'et
825 2441 1107 2512 vigilanter
1134 2437 1410 2512 attendite,
1441 2450 1510 2490 ne
1532 2433 1782 2512 superbia
1811 2432 2064 2512 inﬂemini
2093 2432 2159 2512 tle

572 2502 732 2571 bonis
759 2502 1059 2568 commissis
1094 2527 1106 2562 :
1134 2508 1363 2562 scientes
1404 2505 1547 2576 quod
1573 2502 1832 2576 Superbia
1854 2504 1920 2557 de
1943 2502 2158 2576 Angelis

576 2585 736 2640 bonis
760 2583 1031 2638 daemones
1058 2579 1219 2642 fecit;
1262 2577 1355 2632 sed
1388 2573 1656 2630 humilitas
1693 2573 1936 2628 homines
1958 2573 2158 2628 similes

575 2655 792 2724 Angelis
816 2649 1109 2708 constituit.
1154 2647 1410 2718 Superbia
1430 2646 1653 2771 gloriam
1680 2643 1747 2698 de
1781 2644 1931 2698 coelis
1965 2643 2160 2724 dejecit

575 2724 867 2771 angelicam
901 2741 914 2771 :
958 2719 1054 2771 sed
1091 2719 1360 2771 humilitas
1397 2733 1426 2771 a
1501 2716 1666 2771 caelos
1705 2714 1995 2769 ascendere
2034 2713 2160 2768 feeit

574 2713 867 2795 angelicam
901 2741 914 2776 :
958 2719 1054 2795 sed
1091 2713 1375 2795 humilitas
1397 2713 1462 2795 ad
1501 2716 1666 2772 caelos
1705 2714 1995 2795 ascendere
2034 2713 2160 2768 fecit

575 2785 936 2851 infirmitatem
979 2792 1286 2845 humanam.
1337 2787 1382 2842 0
1409 2787 1601 2841 fratres
1645 2785 1788 2850 mei,
1835 2793 2058 2849 cavete,
2091 2799 2158 2840 ne

576 2876 813 2931 orantes,
841 2864 1100 2934 legentes,
1124 2869 1354 2934 stantes,
1373 2858 1455 2934 vel
1477 2856 1744 2934 sedentes,
1767 2855 1856 2909 vel
1881 2855 2159 2934 vigilantes

575 2936 764 2991 dicatis
799 2925 1011 2989 ore'vel
1044 2925 1239 2996 corde,
1272 2928 1569 2983 habitantes
1609 2927 1662 2980 in
1689 2926 1870 2980 cinere
1901 2933 1955 2980 et
1983 2925 2158 2980 cilicio

577 3021 699 3061 cum
725 3005 1015 3065 Pharisalo,
1041 3000 1243 3055 Gratias
1269 2999 1356 3054 tibi
1380 3015 1496 3065 ago,
1521 2996 1757 3059 Domine,
1780 2996 1896 3065 quia
1921 3012 2020 3050 non
2045 3013 2157 3050 sum

573 3078 707 3132 sicut
751 3075 919 3129 caeteri
962 3072 1306 3144 (Lucaxvnt,
1337 3067 1635 3144 lI).tHaec
1677 3067 1820 3121 enim
1866 3067 2155 3144 solitariam

573 3149 737 3203 vitam
791 3137 1048 3200 ducentes
1101 3143 1312 3197 diabolo
1367 3137 1654 3209 instigante
1707 3152 1850 3206 saepe
1898 3137 2151 3209 cogitant,

574 3233 718 3288 saepe
747 3217 848 3272 hoc
873 3215 1062 3288 dicere
1097 3221 1366 3267 tentantur
1389 3209 1456 3265 ab
1482 3207 1697 3288 inimico
1740 3222 2015 3288 servorum
2039 3207 2154 3288 Dei.

573 3278 758 3345 Poiius
800 3286 940 3342 enim
971 3285 1091 3339 volo
1116 3299 1211 3337 vos
1239 3296 1478 3337 eremum
1509 3281 1657 3335 exire
1681 3321 1697 3345 ,
1739 3293 1897 3346 quam
1929 3278 2045 3331 talia
2077 3278 2158 3332 di-

576 3374 700 3413 cere
729 3359 811 3411 vel
841 3355 1096 3425 cogitare.
1127 3352 1234 3425 Sed
1277 3351 1402 3425 dum
1434 3349 1709 3405 tentamini
1752 3349 1852 3425 hoc
1891 3363 2150 3414 asserere,

574 3429 660 3482 vel
693 3428 758 3481 de
788 3420 942 3479 vobis
969 3425 1096 3492 ipsis
1137 3423 1239 3477 hoc
1275 3423 1508 3491 cogitare
1529 3463 1543 3488 ,
1585 3436 1708 3474 mox
1738 3420 1965 3492 clamate
1988 3461 2002 3485 ,
2033 3433 2156 3473 mox

576 3497 780 3552 ululate
805 3504 858 3549 et
883 3491 1062 3559 dicite,
1087 3492 1199 3562 Ego
1225 3509 1336 3544 sunt
1356 3491 1946 3562 vermis,etuon_homo,
1969 3505 2170 3562 oppro-

578 3568 740 3621 brium
772 3558 1069 3626 hominum,
1102 3558 1155 3614 εἰ
1194 3562 1404 3630 abjectic
1446 3561 1599 3629 plebis
1629 3558 1797 3627 (Psal.
1824 3575 1917 3630 xxl
1938 3600 1952 3622 ,
1982 3560 2035 3625 7)
2061 3575 2079 3630 :7
2104 3567 2158 3630 ct

578 3652 701 3693 cum
731 3634 1019 3691 Pnblicano
1047 3628 1697 3700 dicite,‘quibuscumque
1723 3628 2006 3700 virtutibus
2041 3629 2156 3684 sitis

578 3707 774 3770 ornati,
799 3703 958 3770 Deus,
988 3701 1236 3773 propitius
1264 3696 1368 3773 cito
1396 3700 1521 3773 mihi
1548 3696 1796 3767 peccatori
1825 3696 2146 3773 (Litajﬂ'lll,

578 3778 698 3846 15).
751 3767 1004 3830 Attendat
1052 3767 1494 3846 igitur‘Charitas
1537 3777 1744 3833 vestra,
1795 3767 1927 3846 quid
1963 3768 2156 3846 dixerit

577 3839 790 3902 Veritas
835 3852 1015 3900 nostra
1066 3839 1095 3895 ε’
1132 3841 1231 3909 Qui
1277 3841 1442 3910 major
1490 3849 1561 3894 est
1606 3849 1838 3902 vestrum,
1891 3839 1981 3910 fiat
2025 3839 2155 3893 sicut

578 3919 782 3982 minor;
813 3925 859 3970 et
901 3907 1289 3985 quilprwcessor
1317 3907 1586 3985 est,rsicut
1630 3907 2150 3985 minister_(ld.__rtxu,

577 3989 694 4059 26).
726 3979 771 4044 0
798 3979 1085 4059 monacho,
1115 3990 1313 4059 quanto
1341 3984 1511 4059 major
1550 3996 1607 4036 es
1628 4022 1642 4045 ,
1671 3989 1817 4059 tanto
1856 3979 2072 4059 humilia
2101 3989 2154 4059 te

579 4060 636 4115 in
656 4050 941 4120 omnibus;
971 4067 1025 4110 et
1052 4050 1292 4109 invenies
1317 4052 1540 4122 gratiam
1567 4066 1746 4106 coram
1772 4050 1882 4104 Deo
1904 4059 1959 4106 et
1962 4050 2153 4122 bomi-

578 4131 755 4186 nibus.
791 4127 835 4183 0
860 4134 1042 4182 saneta
1069 4121 1512 4193 venerabilisque
1540 4122 1844 4193 humilitas,
1878 4129 1932 4175 tu
1961 4121 2152 4174 Filium

577 4201 673 4256 Dei
698 4200 765 4257 de
789 4199 908 4253 sinu
934 4197 1107 4251 Patris
1131 4191 1456 4250 descendere
1492 4191 1665 4247 fecisti
1695 4192 1745 4246 in
1790 4198 1999 4245 uterum
2027 4205 2153 4244 san-

577 4280 678 4326 ctae
721 4269 900 4325 Maria:
939 4267 1177 4335 virginis.
1222 4265 1303 4320 Tu
1345 4279 1464 4318 eum
1509 4263 1678 4318 fecisti
1723 4261 1919 4316 involvi
1961 4261 2154 4335 vilib_us

577 4340 896 4411 panniculis,
928 4347 985 4411 ut
1010 4330 1108 4390 nos
1145 4335 1387 4411 indueret
1415 4335 1666 4389 virtutum
1695 4330 2153 4411 ornamentisﬂlt‘u

576 4402 954 4468 circumcidi’sti
994 4421 1117 4461 eum
1143 4407 1195 4460 in
1225 4419 1386 4459 carne
1405 4446 1420 4471 ,
1463 4413 1521 4458 ut
1547 4419 1643 4459 nos
1667 4402 2070 4457 circumcideret
2099 4403 2150 4456 in

581 4492 775 4538 mente.
806 4479 888 4535 Tu
913 4493 1035 4533 eum
1063 4476 1231 4531 fecisti
1256 4475 1607 4544 corporaliter
1636 4473 1931 4544 ﬂagellari,
1957 4482 2011 4527 ut
2033 4487 2152 4544 nos

578 4553 829 4608 liberaret
855 4565 886 4604 a
915 4547 1125 4618 ﬂagello
1149 4543 1373 4618 peccati.
1415 4545 1500 4618 Tu
1522 4543 1937 4618 eumtcogmasti
1963 4543 2149 4618 spinis,

580 4633 639 4680 ut
669 4633 724 4678 et
751 4636 847 4676 nos
871 4611 1291 4675 eoro'naret'suis
1318 4615 1535 4671 aeternis
1559 4615 1714 4668 rosis.
1743 4613 1821 4667 Tu
1850 4629 1971 4668 eum
1994 4611 2153 4667 infir-

579 4695 712 4749 mari
757 4692 962 4756 fecisti,
994 4690 1085 4759 qui
1128 4687 1366 4743 medicus
1408 4693 1720 4759 cunctorum
1768 4693 1905 4750 erat,
1952 4693 2005 4759 et
2039 4684 2153 4739 solo

581 4765 743 4818 verbo
767 4770 920 4818 sanat
944 4753 1211 4824 universa,
1238 4766 1297 4812 ut
1319 4772 1418 4812 nos
1442 4756 1685 4812 inﬁrmos
1709 4763 1942 4810 sanaret.
1963 4753 2008 4810 0
2033 4769 2155 4824 san-

582 4842 664 4888 cta
709 4834 1013 4895 humilitas,
1058 4823 1216 4899 quam
1261 4827 1535 4884 dissimilis
1556 4842 1632 4899 les
1671 4825 1975 4899 superbiai!
2020 4823 2152 4899 Nam

580 4906 694 4972 ipsa
735 4902 978 4972 superbia
1003 4942 1017 4965 ,
1063 4896 1257 4956 fratres
1281 4896 1856 4972 ,jp_su_m__Luciferum
1908 4896 1975 4972 de
2016 4897 2154 4972 coelo

580 4967 774 5042 dejecit
801 4967 826 5025 ἐ
868 4972 961 5026 sed
1006 4972 1275 5026 humilitas
1313 4967 1410 5042 Dei
1445 4968 1640 5042 Filium
1681 4968 1989 5042 incarnavit.
2017 4967 2152 5042 ‘lpsa

580 5037 830 5114 superbia
870 5043 1036 5114 Adam
1074 5043 1150 5114 de,
1188 5041 1433 5114 paradiso
1469 5039 1710 5114 expulit}
1745 5038 1852 5114 sed
1877 5037 2153 5114 humilitas

581 5108 840 5170 latronem
883 5112 936 5166 in
976 5108 1277 5179 paradisum
1315 5108 1626 5167 introduiit.
1667 5108 1923 5178 Superbia
1971 5109 2153 5179 gigan-

581 5127 840 5170 Iatronem
883 5128 936 5166 in
1013 5127 1277 5168 arauisum
1315 5127 1626 5167 Inlt‘OﬂUXIl.
1667 5127 1923 5178 superbia
1971 5127 2153 5179 gigan-

581 5197 693 5243 tum
726 5186 931 5256 linguas
958 5127 1138 5256 divisit
1177 5194 1231 5238 et
1273 5182 1515 5256 confudit
1543 5179 1997 5256 :_s_ed_humilitas
2025 5195 2156 5234 cun-

578 5271 695 5313 ctos
714 5250 1056 5327 congregavit
1074 5251 1366 5327 dispersos.
1390 5253 1650 5327 superbia
1661 5250 2154 5327 Nabuchodonosor

521 5386 529 5400 ,
579 5332 634 5385 in
659 5321 881 5385 bestiam
915 5321 1294 5400 Iransmutavit
1323 5341 1335 5377 :
1357 5321 1756 5400 sed—humilitas
1781 5321 1981 5392 Joseph
2010 5322 2156 5400 prin-

578 5402 750 5471 cipem
803 5398 968 5471 Israel
999 5394 1608 5471 _cons_t_i_tuit.__Superbia
1654 5391 1987 5471 Pharaonem
2027 5391 2153 5446 sub-

577 5464 807 5534 mersit;
856 5469 950 5524 sed
999 5467 1270 5523 humilitas
1315 5464 1531 5537 Moysen
1579 5464 1847 5537 exaltavit.
1911 5465 2034 5518 Ilaec
2074 5472 2154 5537 est

578 5544 668 5599 illa
692 5550 873 5598 sancta
902 5540 1191 5606 humilitas,
1223 5553 1342 5610 quae
1366 5535 1488 5594 fecit
1528 5551 1624 5610 nos
1664 5535 2149 5610 privatossmcttlo,

619 5628 698 5670 ure
721 5612 844 5667 fecit
864 5628 962 5668 nos
985 5613 1039 5668 in
1059 5605 1325 5667 conventu
1351 5609 1588 5666 solitario
1609 5606 1854 5662 omnibus
1873 5605 2154 5661 virtutibus

619 5631 698 5670 uie
721 5631 844 5667 ιϐϐιι
864 5631 962 5668 nos
985 5631 1039 5668 In
1059 5631 1325 5667 conventu
1351 5631 1588 5666 δυιιιειιΊυ
1609 5631 1854 5662 υιιιιιιυυδ
1876 5631 2153 5661 νιινιυιιυυδ

575 5631 772 5742 ﬂorere
796 5684 1064 5754 perfectis.
1105 5683 1230 5738 Haec
1271 5692 1352 5739 est
1385 5682 1473 5738 illa
1512 5687 1691 5736 sancta
1717 5678 2006 5742 humilitas,
2035 5692 2153 5754 quae

576 5747 927 5837 philosophos
958 5755 1176 5812 tradidit
1214 5756 1267 5812 in
1293 5754 1578 5830 reprobum
1605 5764 1845 5816 sensum,
1870 5747 2156 5805 exczccavit

2039 284 2394 343 APPENDIX.

3721 288 3828 348 £256

2267 397 2479 471 Iudaeos
2497 438 2513 464 ,
2537 395 2827 471 _suﬂ'ocavit
2847 396 3085 471 Daganos
3109 438 3124 464 ,
3151 396 3452 471 inﬂammat
3491 397 3820 471 Christianos,

2303 468 2481 550 erimit
2502 468 2817 550 obstiuatos,
2849 468 3304 550 dejicityotentes
3328 468 3398 550 de
3423 469 3553 525 sede
3577 468 3824 550 etenltat

2306 538 2515 594 umiles.
2560 538 2664 594 Sed
2711 537 2993 607 superbia,
3035 537 3227 593 fratres
3265 539 3392 604 mei,
3445 555 3550 594 non
3603 541 3698 596 sic.
3741 543 3825 600 Sed

2264 609 2436 680 quid?
2476 609 2730 680 Praelatos
2774 608 3039 678 percutit,
3083 609 3275 665 divites
3323 619 3630 666 tumorosos
3667 613 3823 680 efﬁcit,

2265 679 2946 753 religiosostdecipitllizec
2983 679 3227 734 homines
3265 689 3453 753 caecat,
3482 697 3549 753 ne
3588 697 3651 737 se
3684 679 3824 753 agno?

2265 758 2416 828 scant
2441 749 2569 828 quid
2591 758 2736 804 sunt.
2766 749 2892 828 Haec
2919 748 3152 828 fructum
3181 751 3357 828 perdit
3385 752 3587 821 operis,
3619 748 3821 828 melitera

2266 819 2497 891 hominis
2539 821 2700 891 ligat;
2749 820 2870 889 quia
2921 821 2990 891 ab
3028 835 3090 875 ea
3135 819 3385 891 panditur
3422 819 3595 877 omne
3631 825 3820 879 malum.

2265 889 2505 964 Hircest
2541 887 2626 944 illa
2654 887 2866 964 fervens
2892 887 2997 943 olla
3023 887 3181 961 quam
3203 890 3469 964 Jcremias
3483 893 3617 948 vidit
3637 894 3819 964 (θετέα.

2265 976 2303 1026 ι,
2332 960 2444 1031 15),
2477 961 2528 1034 in_
2554 976 2657 1031 qua
2685 960 3056 1030 decoquuntur
3085 976 3276 1034 omnes
3301 963 3572 1032 principes
3595 960 3823 1034 et'pasto-

2265 1045 2352 1086 res
2392 1032 2754 1103 tenebrarum,
2801 1040 3096 1086 sectatores
3133 1032 3407 1103 bonorum
3456 1032 3819 1103 temporalium,

2264 1110 2547 1174 venatores
2575 1102 2896 1174 divitiarum,
2927 1103 3021 1174 qui
3063 1102 3264 1174 primas
3292 1102 3582 1158 cathede
3601 1117 3820 1174 appetunt

2265 1171 2318 1242 iu
2345 1171 2662 1242 synagogis,
2713 1180 2765 1225 ct
2808 1172 3025 1227 salutari
3071 1171 3128 1226 in
3165 1172 3317 1233 foro.
3363 1180 3420 1227 et
3457 1171 3815 1232 vocari'Rabbi.

2264 1240 2415 1315 Hane
2454 1240 2929 1315 ollainsuccendit
2967 1242 3235 1308 diabolus,
3277 1243 3408 1298 dum
3446 1243 3607 1315 corda
3645 1254 3816 1315 patrum

2263 1311 2413 1367 inﬂat
2442 1313 2508 1367 ad
2549 1313 2758 1384 altiora.
2793 1311 2883 1366 Isti
2923 1321 3048 1384 sunt
3075 1322 3306 1384 quatuor
3334 1314 3480 1368 venti
3506 1356 3522 1380 ,
3553 1311 3658 1384 qui"
3680 1324 3815 1371 totum

2264 1384 2450 1455 orbem
2481 1383 2744 1455 perflant.
2775 1383 3078 1455 arrogantia
3123 1383 3223 1455 sibi
3262 1384 3543 1439 ascribens
3567 1383 3700 1455 quod
3733 1403 3814 1442 non

2264 1452 2456 1519 habet,
2485 1452 2779 1524 insolentia
2798 1453 2900 1508 sibi
2938 1453 3292 1523 :ipproprians
3313 1455 3460 1524 quod
3488 1452 3638 1510 alteri
3661 1457 3808 1522 debet,

2264 1524 2511 1594 superbia
2556 1524 2722 1578 multa
2753 1523 2820 1578 de
2845 1539 2902 1578 se
2930 1524 3156 1578 credens
3179 1525 3318 1578 ultra
3334 1523 3509 1594 quam
3537 1541 3707 1580 verum
3741 1529 3810 1594 sit,

2263 1595 2596 1668 contumacia
2641 1609 2700 1668 se
2741 1594 2954 1663 erigens
3003 1594 3084 1668 in_
3109 1595 3543 1668 prmlatunnlsti
3568 1607 3680 1652 sunt
3702 1613 3810 1668 qua-

2266 1674 2386 1735 tuor
2416 1665 2571 1727 fabri,
2600 1665 2691 1735 qui
2722 1673 2886 1719 totum
2921 1665 3181 1719 mundum
3218 1666 3559 1731 concutiunt,
3599 1677 3647 1721 et
3677 1665 3811 1722 corda

2264 1734 2494 1790 ﬁliorum
2520 1734 2940 1804 Dei’dissipant;
2987 1750 3017 1790 a
3047 1735 3241 1805 quibus
3264 1750 3364 1792 nos
3397 1736 3648 1792 custodiat
3668 1738 3809 1794 Deus.

2265 1807 2456 1862 Amen.

2857 1874 3086 1931 SERMO
3122 1874 3263 1932 XIII.

2675 1985 2742 2024 DE
2781 1983 3130 2025 FORTITUDINB
3167 1985 3439 2026 ΤΕΝΕΝὯΔ.

2336 2088 2468 2156 Quia
2499 2088 2552 2142 in
2584 2088 2685 2142 hac
2711 2097 2860 2142 vasta
2917 2085 3207 2143 solitudine
3256 2088 3351 2144 Dei
3383 2089 3552 2158 gratia
3588 2103 3744 2147 sumus
3764 2092 3806 2148 in

2263 2175 2426 2215 unum
2463 2159 2788 2228 congregati,
2837 2167 2897 2213 ut
2922 2160 3202 2214 unanimes
3231 2158 3536 2215 habitemus
3563 2161 3612 2214 in
3643 2162 3804 2229 domo,

2263 2239 2318 2285 et
2357 2231 2463 2285 sint
2489 2230 2644 2284 nobis
2681 2230 2859 2283 omnia
2888 2229 3190 2284 communia
3215 2245 3229 2294 ;
3262 2239 3549 2299 propterea
3577 2232 3696 2286 inter
3715 2246 3805 2286 ω-

2265 2310 2405 2372 teras
2424 2301 2656 2372 virtutes
2696 2299 3059 2372 fortitudinem
3088 2308 3300 2369 oportet
3327 2314 3430 2355 nos
3459 2315 3644 2372 rapere,
3671 2305 3804 2372 sequi

2261 2380 2316 2426 et
2343 2371 2558 2424 imitari.
2585 2368 2734 2440 Nam,
2749 2371 2794 2424 si
2826 2370 2961 2424 hanc
3005 2368 3258 2440 virtutem
3286 2368 3536 2440 amplexi
3554 2368 3768 2427 fuerimus
3787 2415 3801 2439 ,

2263 2440 2473 2512 fratres,
2513 2441 2685 2512 jacula
2713 2439 2938 2512 fortunte
2967 2439 3043 2512 (a)
3091 2455 3198 2495 non
3226 2439 3556 2512 timebimus,
3579 2441 3803 2512 deridebi-

2263 2526 2383 2565 mus
2426 2510 2621 2564 diaboli
2673 2510 2887 2577 blanda,
2930 2519 2986 2566 et
3025 2510 3344 2577 ‘spernemus
3375 2511 3528 2566 irata.
3572 2511 3613 2567 Ο
3649 2512 3802 2568 fratres

2263 2582 2388 2644 mei,
2441 2581 2755 2652 ligateﬂhaec
2797 2583 2851 2635 in
2900 2580 3152 2652 cordibus
3200 2581 3418 2646 vestris,
3465 2583 3695 2652 quoniam
3732 2586 3803 2652 qui

2260 2652 2411 2706 fortis
2449 2660 2550 2717 est,
2601 2651 2733 2706 liber
2777 2660 2880 2706 est.
2925 2651 3041 2705 Non
3086 2651 3226 2706 enim
3257 2654 3428 2707 servit
3467 2651 3694 2718 fortunae,
3721 2651 3802 2707 non

2263 2723 2476 2777 vanitati
2500 2721 2799 2776 mundanm.
2826 2723 2870 2776 0
2893 2722 3083 2777 fratres
3105 2737 3207 2777 me:
3227 2732 3282 2776 et
3309 2723 3490 2776 laetitia
3517 2724 3682 2778 cordis
3699 2725 3801 2789 mei,

2261 2793 2597 2848 considerate
2625 2801 2817 2861 quanta
2850 2793 3006 2848 fuerit
3028 2794 3080 2846 in
3106 2792 3434 2862 martyribus
3460 2793 3712 2857 fortitudo,
3733 2796 3802 2863 qui

2260 2863 2408 2919 velut
2454 2864 2811 2933 impassibiles
2865 2863 3536 2934 tormentadespiciunt,
3589 2873 3802 2934 tyrannos

2260 2932 2613 2999 confundunt,
2643 2941 2832 2988 cuncta
2861 2949 2980 3004 quae
3011 2932 3194 2988 mundi
3224 2943 3349 2988 sunt
3375 2932 3663 3002 despiciunt
3695 2953 3705 2986 :
3731 2938 3800 3003 qui

2261 3005 2384 3060 licet
2410 3005 2684 3070 decoriati,
2733 3005 2853 3058 licet
2879 3003 3163 3070 combusti,
3195 3003 3319 3059 licet
3345 3005 3402 3058 in
3440 3005 3638 3059 cunctis
3661 3021 3800 3059 mem-

2259 3075 2373 3130 bris
2401 3075 2608 3140 afﬂicti,
2643 3075 2763 3145 licet
2791 3075 2843 3128 in
2889 3076 3135 3130 omnibus
3160 3088 3388 3144 corpore
3431 3076 3535 3129 sint
3574 3075 3797 3145 projecti,

2260 3161 2367 3201 non
2390 3155 2569 3201 tamen
2594 3144 2820 3214 legimus
2838 3159 2933 3200 eos
2955 3160 3074 3200 esse
3100 3154 3278 3200 mente
3301 3154 3551 3200 mutatos.
3577 3144 3670 3200 Sed
3688 3147 3800 3200 scire

2259 3215 2486 3279 debetis,
2531 3216 2741 3281 fratres,
2769 3215 2910 3285 quod
2935 3215 3116 3270 multis
3142 3215 3316 3270 modis
3343 3215 3538 3271 dicitur
3565 3215 3796 3280 fortitudo,

2260 3285 2657 3358 liypocritarum
2686 3285 2950 3358 videlicet,
2983 3285 3444 3358 philosophorum,
3486 3295 3541 3358 et
3577 3287 3798 3340 bonorum

2259 3355 2516 3412 fidelium.
2566 3355 2850 3425 Hypoerita
2897 3355 3127 3425 denique
3173 3357 3340 3411 multa
3385 3357 3622 3423 sustinet,
3660 3358 3796 3409 multa

2260 3436 2455 3498 portat,
2480 3437 2534 3482 et
2557 3426 2708 3498 fortis
2729 3428 2784 3481 in
2801 3426 3007 3498 cunctis
3020 3436 3268 3498 apparet.
3289 3426 3397 3482 Sed
3421 3442 3502 3481 va:
3524 3427 3791 3498 hypocrita,

2259 3496 2380 3568 quia
2409 3496 2651 3552 venando
2681 3496 2860 3568 mundi
2901 3497 3120 3568 gloriam
3148 3505 3401 3568 aeternam
3433 3496 3632 3568 prauam
3655 3513 3795 3552 mere-

2261 3567 2363 3622 tur.
2393 3569 2488 3624 Hic
2516 3570 2593 3623 sic
2616 3567 2776 3621 trahit
2802 3567 3049 3637 gloriam,
3076 3567 3214 3637 quod
3242 3582 3349 3623 non
3376 3567 3566 3622 habeat
3586 3567 3790 3637 gloriam.

2259 3639 2385 3694 Hzcc
2411 3642 2554 3694 enim
2593 3637 2849 3692 fortitudo
2890 3653 2995 3692 non
3021 3639 3186 3692 virtus
3213 3646 3316 3706 est,
3357 3638 3452 3693 sed
3481 3638 3679 3701 vitium;
3708 3651 3793 3692 non

2258 3708 2692 3778 magnanimitas,
2717 3709 2808 3763 sed
2833 3708 3112 3778 inﬁrmitas
3136 3724 3152 3773 ;
3180 3723 3286 3762 non
3309 3709 3537 3774 bonitas,
3563 3707 3793 3762 sedimbe-

2259 3777 2452 3834 cillitas
2498 3779 2810 3848 appellatur.
2862 3777 3010 3833 Hanc
3051 3778 3390 3848 praetendunt
3419 3778 3654 3842 haeretici,
3681 3778 3791 3832 hanc

2258 3851 2471 3919 rapiunt
2496 3849 2615 3904 falsi
2656 3848 2868 3915 fratres,
2901 3848 2970 3903 de
2996 3863 3222 3920 quorum
3253 3865 3498 3920 numero,
3528 3849 3612 3920 Dei
3635 3849 3789 3920 gratia,

2271 3918 2366 3977 vos
2390 3935 2656 3990 nunquam
2685 3935 2804 3975 esse
2844 3918 3086 3990 cognovi.
3115 3919 3368 3985 Quaedam
3398 3920 3557 3976 etiam
3583 3918 3790 3975 fortitudo

2271 4000 2353 4048 est
2377 3989 2837 4060 philosophorum,
2866 3989 2954 4059 qui
2982 3991 3319 4045 calcaverunt
3333 3991 3561 4057 divitias,
3583 3991 3784 4053 honores,

2263 4077 2505 4132 pompas,
2528 4060 2832 4132 dignitates,
2861 4069 2915 4132 et
2939 4061 3222 4132 aliquando
3242 4063 3478 4132 membra
3505 4061 3785 4130 propriorum

2259 4131 2541 4203 corporum
2567 4149 2581 4184 :
2607 4132 2700 4186 sed
2728 4131 2842 4186 haec
2869 4131 3121 4203 fortitudo
3139 4142 3222 4203 est
3243 4131 3569 4203 insufﬁciens
3591 4131 3650 4203 ad
3669 4139 3788 4185 aeter-

2258 4201 2495 4258 nae'vita:
2523 4203 2792 4258 meritum.
2819 4201 3037 4270 Quare?
3064 4201 3195 4269 Quia
3215 4201 3470 4257 carebant
3503 4201 3728 4257 charitate
3748 4207 3788 4253 et

2258 4276 2448 4330 timore
2489 4273 2603 4327 Dei.
2637 4273 2754 4342 Ipsa
2799 4269 3029 4342 denique
3068 4272 3305 4342 Charitas,
3339 4281 3422 4327 est
3460 4272 3618 4326 forma
3653 4269 3785 4342 omnis

2257 4345 2412 4400 bona:
2455 4340 2697 4398 actionis.
2747 4342 2790 4399 Ο
2829 4340 3056 4413 quantus
3102 4344 3246 4411 rigor
3286 4341 3608 4398 fortitudinis
3649 4340 3783 4413 fuitin

2257 4415 2511 4471 Platone!
2540 4429 2573 4469 o
2598 4423 2727 4484 quot
2765 4424 2819 4468 et
2843 4409 3036 4484 quanta
3077 4409 3375 4481 patiebatur
3403 4414 3656 4469 contraria
3676 4414 3688 4466 ε
3707 4409 3784 4465 Sed

2256 4487 2380 4564 quia
2411 4486 2756 4564 fundamento
2800 4484 3156 4564 fidei_carnit,
3209 4493 3493 4564 propterea
3544 4499 3656 4554 spes
3698 4495 3782 4536 eam

2258 4556 2620 4611 fortitudinem
2664 4570 2768 4610 non
2814 4559 2986 4610 erexit
3015 4573 3029 4610 :
3060 4563 3112 4609 et
3137 4555 3258 4624 quia
3288 4555 3552 4610 charitate
3576 4570 3670 4624 non
3693 4565 3782 4622 pro-

2255 4627 2403 4693 fecit,
2428 4627 2546 4682 ideo
2570 4627 2782 4681 virtutis
2809 4625 3054 4680 meritum
3079 4623 3296 4678 omnino
3321 4626 3521 4680 amisit.
3551 4623 3649 4681 Sed
3672 4629 3782 4693 este!

2257 4698 2360 4752 alia
2392 4689 2680 4762 fortitudo,
2727 4711 2832 4766 qua
2875 4695 3001 4766 boni
3037 4695 3272 4765 quotidie
3317 4704 3525 4750 certant
3554 4711 3714 4766 usque
3738 4689 3780 4744 ad

2259 4778 2504 4824 mortem.
2536 4767 2691 4822 Tales
2728 4763 2852 4822 sunt
2880 4763 3084 4820 fundati
3121 4767 3175 4820 in
3218 4765 3329 4821 Deo
3361 4784 3376 4820 :
3415 4775 3470 4821 et
3514 4763 3780 4834 ideo—supr:

2257 4839 2504 4904 diximus,
2536 4838 2750 4904 fratres,
2802 4836 3100 4907 necverba
3144 4851 3258 4907 nec,
3283 4836 3570 4907 impiorum
3615 4835 3783 4907 verbera

2259 4912 2465 4967 timent.
2490 4909 2617 4964 “920
2637 4917 2721 4964 est
2744 4908 2835 4962 illa
2859 4906 3117 4962 mirabilis
3145 4905 3399 4978 fortitudo
3431 4909 3472 4972 ι,
3502 4922 3601 4978 qua
3622 4905 3784 4978 Moyses

2257 4982 2596 5052 asperitatem
2626 4980 2724 5052 viae
2751 4979 2948 5034 deserti
2973 4978 3098 5052 vicit
3125 4977 3254 5052 ;_hic
3290 4988 3375 5033 est
3403 4975 3553 5052 panis
3578 4975 3780 5052 celestis.

2257 5047 2349 5124 qu'i
2376 5051 2544 5106 Eliam
2585 5051 2636 5104 in
2674 5049 2887 5124 deserto
2917 5049 3101 5124 pavit.‘
3127 5049 3252 5124 Ilgee
3278 5058 3362 5105 est
3405 5047 3782 5124 fortitudguqua:

2258 5117 2484 5178 mortem
2531 5121 2733 5191 spernit
2762 5140 2774 5173 :
2805 5117 3029 5175 haec—cst
3055 5119 3237 5184 clavis,
3269 5135 3372 5244 iulia
3402 5119 3583 5174 domus
3609 5117 3687 5171 Dei
3712 5128 3782 5192 pa-

2263 5195 2414 5244 [escit
2460 5201 2514 5244 et
2553 5193 2804 5244 aperitur.
2851 5190 2978 5244 Haec
3003 5199 3105 5244 est.
3136 5207 3254 5244 uuae
3335 5191 3530 5244 abenas
3555 5189 3782 5244 voluntatis

2263 5195 2414 5250 tescit
2460 5201 2514 5248 ct
2553 5189 2809 5262 aperitur.
2851 5190 2978 5245 Haec
3003 5199 3105 5257 est,
3136 5207 3254 5262 qua:
3290 5189 3530 5247 habenas
3555 5189 3782 5262 voluptatis

2258 5265 2358 5321 sub
2379 5265 2528 5320 freno
2553 5257 2774 5336 rationis
2795 5261 2973 5336 jacere
2995 5257 3170 5332 cogit.‘
3195 5260 3322 5318 Hazc
3350 5270 3450 5336 est,
3479 5275 3572 5336 qua
3599 5257 3781 5336 Joannes

2259 5336 2313 5392 in
2359 5336 2570 5391 deserto
2597 5333 2897 5390 decoratur.
2928 5331 3196 5403 Haecfest,
3227 5348 3329 5403 qua
3373 5332 3563 5403 Paulus
3584 5331 3781 5383 arentiu-

2260 5423 2376 5464 rum
2428 5406 2592 5461 forma
2652 5405 3002 5460 beatificatur.
3061 5402 3185 5459 Hzec
3239 5402 3454 5459 Antonii
3502 5402 3779 5464 aliorumque

2325 5566 2343 5630 ἦ
2369 5565 2543 5630 liegius
2562 5570 2645 5613 Ms.
2666 5574 2679 5611 :
2707 5569 2822 5612 Haec
2837 5559 3009 5630 catilla
3358 5556 3597 5630 fortium;

2326 5627 2397 5690 (a)
2435 5619 2855 5690 i‘ortunwpomen
2868 5623 2948 5672 hic
2965 5619 3454 5690 totiesdemutatum,
3473 5621 3518 5690 in
3536 5619 3766 5690 [littlng

2259 5678 2394 5741 ribus
2415 5691 2517 5738 suis
2539 5684 2810 5750 appellasse
2828 5697 2973 5749 quam
2994 5678 3569 5750 displicu‘erlt‘augustim
3585 5679 3694 5740 patet
3719 5678 3764 5721 ex

2261 5752 2391 5807 libro
2414 5743 3008 5819 primo'lietractatiouum,
3024 5743 3163 5812 capp.
3184 5746 3233 5809 1,
3255 5743 3304 5796 2.
