3934 6258
108 363 244 421 1257

110 486 403 535 sanctorum
444 481 652 544 patrum
680 472 843 528 lorica
869 481 1033 527 estet
1080 487 1237 537 zona,
1265 487 1369 542 qua
1415 472 1685 542 praecincti

110 561 169 606 et
193 548 368 603 annali
408 543 461 600 in
491 544 722 600 excelsis
745 543 1009 599 indefessa
1035 558 1167 598 voce
1192 544 1425 611 quotidie
1453 544 1687 601 clamare

112 637 217 677 non
244 626 469 674 cessant.
495 616 540 670 Ο
568 614 838 680 fortitudo,
866 615 1207 668 eremitarum
1231 614 1471 677 baculus,
1500 629 1687 669 cceno-

112 693 331 748 bitarum
377 686 641 757 cingulas,
686 684 1459 757 monachorumqneAomnium
1504 699 1687 740 sacra-

113 772 378 823 mentum;
413 754 488 813 tu'
510 765 694 811 contra
738 754 1101 825 paupertatem
1131 754 1295 819 vales,
1326 764 1383 809 ut
1407 770 1514 810 non
1542 757 1689 810 fran-

111 842 262 901 gatur
294 830 502 883 animus
545 835 912 901 paupertatem
939 826 1205 901 amantis;
1235 825 1330 901 sed
1365 827 1593 901 amplior
1619 827 1691 882 sit

110 896 348 966 interius,
396 907 452 955 et
491 896 660 967 magis
699 896 924 952 ditescat
962 897 1014 951 in
1047 904 1244 967 mente.
1274 896 1482 967 Quanto
1511 896 1688 953 minus

111 965 341 1028 abundat
362 970 415 1024 in
446 965 607 1024 rebus
634 966 882 1029 fortunae,
930 974 1077 1021 tanto
1105 966 1220 1035 plus
1248 967 1390 1021 valet
1431 965 1690 1023 fortitudo

114 1052 290 1098 contra
319 1039 498 1095 mundi
528 1038 805 1094 insultum.
850 1037 894 1092 Ο
920 1035 1197 1102 fortitudo,
1242 1038 1284 1090 si
1316 1035 1558 1092 dolorem
1599 1052 1693 1106 pa-

110 1115 258 1177 teris,
285 1120 338 1166 tu
362 1112 413 1165 in
440 1110 690 1165 omnibus
714 1107 909 1178 gratias
925 1108 1059 1178 agis,
1080 1116 1136 1178 tu
1161 1108 1214 1161 in
1242 1106 1583 1163 tribulatione
1609 1108 1692 1178 di-

112 1185 263 1238 vitias
290 1182 588 1249 Spirituales
616 1188 673 1235 et
700 1177 918 1249 delicias
944 1177 1189 1243 invenis;
1229 1186 1286 1231 ut
1317 1178 1491 1249 potius
1519 1177 1692 1249 morbi

112 1254 300 1310 cedant
326 1248 389 1306 in
440 1250 635 1305 mentis
665 1248 1025 1316 commodum,
1070 1263 1228 1318 quam
1256 1248 1496 1318 corporis
1521 1248 1692 1303 detri-

113 1334 365 1379 mentum.
389 1321 433 1377 Ο
460 1320 737 1387 fortitudo,
778 1334 993 1375 omnem
1019 1317 1387 1373 crudelitatem
1418 1332 1643 1374 evacuas
1671 1359 1688 1387 ,

113 1409 374 1450 carcerem
401 1391 664 1464 respuis,
714 1405 929 1464 crucem
982 1403 1090 1444 non
1134 1389 1350 1455 metuis,
1407 1390 1693 1464 equuleum

112 1463 465 1535 amplecteris,
489 1460 650 1535 _6ptas
678 1461 911 1535 vincula,
920 1468 1239 1535 _spontanea
1269 1474 1482 1535 semper
1503 1460 1694 1535 curris

114 1535 183 1590 ad
207 1530 448 1590 mortem.
478 1530 834 1595 Oimonache,
862 1530 996 1586 nihil
1021 1530 1162 1585 valet
1184 1545 1372 1586 cursus
1400 1530 1475 1585 tui
1502 1530 1690 1598 bravii,

117 1606 246 1661 nihil
264 1616 346 1660 tua
364 1604 626 1674 operatio,
647 1604 751 1674 nisi
772 1602 1021 1674 columna
1040 1600 1367 1674 fortitudinis
1389 1600 1691 1674 roboretur.

115 1677 253 1732 Nihil
276 1686 353 1731 est
378 1671 661 1730 tediftcium
686 1673 814 1728 boni
848 1672 1049 1743 Operis,
1075 1671 1179 1726 nisi
1193 1672 1513 1743 columnam
1542 1672 1695 1743 forti-

115 1747 308 1802 tudinis
334 1745 676 1816 amplexeris,
707 1742 812 1801 Sed
836 1741 1155 1816 sicolumna
1186 1741 1509 1816 fortitudinis
1531 1742 1697 1816 fracta

117 1819 291 1881 fuerit,
334 1812 502 1871 totum
537 1814 822 1870 :edificium
851 1814 1113 1869 bonorum
1141 1826 1365 1882 operum
1394 1813 1519 1867 ruit.
1551 1812 1698 1869 Hanc

116 1890 161 1943 si
207 1887 371 1943 David
418 1886 699 1953 tenuisset,
740 1884 1085 1940 homicidium
1131 1892 1186 1939 et
1229 1883 1549 1938 adulterium
1591 1900 1698 1937 non

117 1958 482 2014 commisisset.
510 1956 568 2012 Si
595 1957 824 2011 Samson
852 1955 992 2010 banc
1019 1962 1304 2019 servasset,
1349 1954 1545 2007 femina
1574 1969 1698 2009 eum

117 2029 340 2085 inimicis
372 2044 477 2085 non
507 2026 829 2083 tradidisset.
862 2025 918 2082 Si
956 2025 1209 2081 Salomon
1241 2023 1377 2079 hanc
1403 2023 1694 2091 dilexisset,

118 2100 257 2155 idola
302 2114 406 2155 non
448 2097 744 2154 adorasset.
794 2097 849 2153 Si
899 2097 1092 2153 Petrus
1140 2094 1276 2149 hanc
1318 2097 1598 2160 tenuisset,
1631 2094 1700 2149 ad

117 2185 296 2226 vocem
322 2170 528 2225 ancilla:
555 2167 712 2224 fidem
740 2183 845 2222 non
877 2175 1143 2236 negasset.
1173 2166 1230 2220 Si
1258 2165 1348 2219 filii
1380 2164 1541 2221 Israel
1564 2165 1701 2219 hanc

121 2241 443 2306 habuissent,
494 2239 713 2295 minime
755 2239 806 2293 in
854 2237 1071 2293 deserto
1117 2244 1562 2291 murmurassent.
1608 2236 1700 2291 Eia

122 2312 292 2382 igitur,
339 2309 571 2374 fratres;
601 2317 775 2382 estote
820 2308 1089 2382 fortcs_in_
1127 2306 1269 2362 bello
1311 2307 1700 2373 tentationuui,

123 2379 1567 2448 tribulationum,inlirntitatum,injuriarum,etpugnate
1581 2392 1704 2433 cum

121 2454 329 2525 antiquo
344 2450 960 2523 scrpcntc,etaccipietis
980 2463 1201 2518 regnum
1214 2457 1494 2503 aeternum.
1508 2448 1702 2503 Amen.

705 2538 936 2597 SEliMO
973 2537 1113 2593 XIV.

311 2651 376 2691 DE
412 2648 653 2691 JUSTITIA
692 2648 759 2688 ΕΤ
798 2626 1165 2687 CORDECTIONE
1203 2643 1504 2685 FRATERNA.

190 2727 259 2785 Ut
286 2726 424 2782 bene
446 2724 637 2791 nostis,
667 2722 859 2778 fratres
887 2721 1212 2788 charissimi,
1246 2720 1351 2791 tria
1385 2718 1709 2791 monasteria

126 2799 258 2870 apud
287 2798 596 2870 llipponetn
618 2789 710 2870 Dei
740 2794 905 2870 gratia
944 2793 1114 2848 merui
1145 2790 1481 2870 laudabiliter
1505 2789 1573 2870 ad
1615 2790 1711 2845 ho-

128 2862 309 2926 norem
332 2862 531 2923 sanctae
554 2862 828 2921 Trinitatis
853 2873 1184 2919 construere.
1213 2864 1449 2929 Quorum
1477 2862 1711 2932 primum

127 2941 224 2997 hoc
246 2947 350 3003 est,
380 2940 431 2992 in
459 2953 565 3007 quo
584 2936 696 3007 jam
721 2936 901 2989 multis
926 2935 1079 3007 anuis
1110 2932 1320 3007 modico
1359 2932 1713 3007 pabulocon-

128 3012 251 3066 tenti
320 3003 601 3064 alacri'ter'
632 3004 1074 3071 commoramini,
1139 3004 1324 3058 bestiis
1396 3003 1645 3058 associati
1692 3043 1710 3069 ,

131 3083 311 3136 avibus
349 3079 655 3142 ministrati,
686 3077 1032 3146 ciborumque
1054 3084 1369 3146 spernentes
1393 3073 1631 3141 delicias,
1659 3082 1717 3130 et

130 3154 266 3209 visus
311 3150 584 3207 hominum
631 3150 891 3218 fugientes
922 3144 1019 3218 (ὰ).
1061 3144 1128 3201 Et
1167 3144 1289 3218 ideo
1317 3160 1425 3218 non
1473 3161 1573 3218 ego
1609 3146 1712 3218 nii-

129 3238 243 3287 ser;
279 3222 373 3277 sed
394 3237 491 3276 vos
515 3234 658 3289 saepe
686 3216 1009 3289 Angelorum
1032 3216 1231 3271 assueti
1258 3216 1387 3271 estis
1412 3216 1711 3286 colloquiis.

129 3293 279 3348 Aliud
308 3288 944 3363 qitoquedmonasterium
968 3288 1066 3363 _iu_
1090 3289 1293 3363 liorto,‘
1311 3301 1468 3355 quem
1501 3296 1717 3363 sanctus

130 3372 309 3419 noster
328 3355 482 3433 pater
512 3361 750 3416 Valerius
792 3360 920 3433 mihi
949 3358 1113 3433 dedit,
1158 3355 1476 3433 aedificatum
1504 3365 1607 3412 est.
1652 3357 1719 3411 Et

129 3427 374 3505 quoniam
404 3442 683 3505 postquam
714 3431 992 3505 presbyter
1032 3428 1313 3505 episc0pus
1362 3427 1530 3505 factus
1556 3442 1675 3483 sum
1697 3467 1715 3495 ,

130 3498 221 3560 nec
265 3498 482 3574 semper
527 3498 615 3558 liic
659 3498 931 3574 vobiscum
979 3498 1218 3574 habitare
1264 3499 1428 3568 potui,
1459 3512 1559 3554 nec
1595 3513 1717 3553 cum

130 3569 496 3645 fratribus'qui
524 3574 579 3628 in
609 3572 864 3645 pracdicto
888 3569 1212 3645 monasterio
1239 3577 1365 3645 sunt
1389 3584 1408 3645 ;_
1439 3579 1720 3640 propterea

131 3646 259 3702 infra
290 3639 507 3701 domum
537 3639 772 3713 episcopi
802 3657 1027 3713 mecum
1045 3639 1420 3713 haberevolui
1449 3639 1721 3713 moiiastej

131 3718 260 3772 rium
304 3710 642 3780 clericorurn,
678 3710 735 3769 et
761 3728 882 3768 cum
919 3712 1120 3768 eisdem
1152 3712 1350 3781 pariter
1376 3710 1555 3781 vivere
1581 3710 1721 3781 coepi

131 3787 421 3843 secundum
467 3788 483 3818 ¹
529 3784 874 3856 apostolicam
918 3780 1276 3856 traditionem.
1322 3780 1405 3836 Ad
1453 3780 1721 3856 vo_s_ergo

132 3867 354 3925 tantum,
401 3857 492 3929 qui
535 3852 589 3911 in
624 3871 808 3929 eremo
848 3853 1400 3929 laudabiliter__vivere
1441 3852 1719 3919 voluistis,

134 3923 362 3997 pertinet
383 3923 599 3983 verbum
621 3926 761 3982 istud
784 3926 969 3997 audire
994 3932 1048 3978 et
1072 3923 1383 3997 intelligere,
1406 3931 1563 3997 atque
1588 3938 1720 3997 ope-_-

132 3993 272 4055 ribus
318 4000 613 4069 adimplere
661 3996 803 4067 quod
837 3996 1051 4069 dicitur,
1084 3993 1294 4069 Diligite
1325 3993 1607 4069 justitiam.
1638 3993 1723 4048 Ad

133 4069 323 4127 fratres
348 4062 527 4124 autem
553 4062 763 4124 nostros
788 4076 842 4123 et
857 4066 1081 4121 clericos
1103 4062 1276 4135 quiin
1298 4063 1434 4119 urbe
1457 4062 1718 4131 habitant,

134 4142 319 4216 quibus
350 4141 511 4195 etiam
541 4140 770 4216 eapedit
779 4137 1079 4216 praedicare
1097 4133 1334 4216 quotidie
1361 4135 1581 4216 verbum
1604 4135 1716 4201 Dei,

133 4204 362 4281 pertinet
390 4227 494 4265 non
524 4204 692 4265 solum
720 4204 1213 4281 diligerejnstitiam
1237 4204 1412 4275 quoad
1446 4219 1511 4281 se
1536 4204 1719 4273 ipsos;

134 4274 221 4338 sed
236 4284 403 4339 etiam
415 4282 674 4352 judicare,
693 4274 1104 4352 reprehendere,
1122 4274 1424 4352 obsecrare,
1444 4274 1723 4352 increpare

136 4354 182 4406 in
208 4354 357 4408 omni
397 4346 1009 4423 patientia'et'doctriua
1059 4348 1310 4423 pupulum
1336 4346 1563 4423 electum
1604 4347 1719 4423 Dei:

136 4424 196 4477 lit
216 4426 344 4479 licet
367 4416 556 4479 fratres
583 4423 749 4478 nostri
774 4421 862 4491 qui
883 4416 1279 4491 collocatisunt
1295 4416 1349 4491 _in
1378 4416 1533 4491 horto
1552 4417 1723 4472 sancti

136 4497 369 4566 episcopi
398 4495 609 4566 Valerii,
640 4494 770 4547 satis
792 4487 988 4566 distent
1011 4491 1080 4544 ab
1105 4489 1235 4543 urbe
1264 4487 1362 4566 (ὑλ,
1386 4487 1508 4566 quia
1536 4503 1721 4543 eorum

137 4559 479 4621 tamen'fama
506 4565 759 4619 divinitus
796 4563 1061 4632 divulgata
1090 4568 1191 4632 est,
1235 4559 1473 4613 ordinavi
1500 4566 1572 4632 ut
1598 4574 1720 4614 ver-

137 4634 257 4690 bum
305 4637 401 4691 Dei
446 4636 644 4705 populo
685 4630 968 4689 salubriter
1014 4630 1380 4705 praedicarent,
1426 4631 1724 4705 animmque

138 4705 372 4763 fidelium
404 4699 554 4761 suam
584 4706 742 4760 vitam
768 4714 823 4760 et
850 4699 1091 4773 exempla
1115 4699 1382 4773 audiendo
1411 4708 1467 4755 et
1496 4699 1723 4756 videndo

137 4788 323 4846 sponte
370 4778 605 4832 redirent
645 4775 712 4830 ad
754 4776 898 4829 illum
926 4771 1023 4842 qui
1053 4771 1316 4846 ex_nihilo
1347 4780 1543 4846 _cuncta
1569 4787 1725 4846 crea-

138 4842 207 4902 vit
230 4849 324 4919 (c).
357 4847 495 4904 Ecce
531 4846 799 4918 quomodo
840 4856 1033 4919 terram
1056 4842 1314 4919 judicant,
1346 4843 1510 4919 tigant
1532 4850 1587 4897 et
1613 4842 1726 4919 sol:

137 4911 261 4975 vun't
280 4911 423 4991 'qua:
448 4911 651 4985 volunt,
696 4931 908 4986 semper
934 4915 1044 4970 Deo
1060 4911 1298 4969 favente.
1347 4911 1455 4968 Vos
1483 4927 1608 4968 vero
1634 4912 1727 4984 qui

197 5051 359 5115 inditi
392 5051 572 5115 addunt
593 5052 689 5111 hic,
729 5047 965 5115 regulam.

193 5112 267 5176 (a)
307 5131 333 5161 ι
351 5113 535 5183 Falsum
557 5108 683 5183 _est,
698 5115 765 5183 ait
782 5108 1122 5183 'Lupus,_quod
1157 5110 1449 5183 Augustinus
1468 5108 1729 5183 .aadifimrit

143 5190 167 5221 ι
185 5172 533 5226 monasterium
556 5176 606 5225 in
624 5172 792 5225 nimio
807 5172 902 5237 qua
917 5172 1176 5237 solitudine
1192 5172 1483 5237 ttipponensi
1505 5179 1653 5236 atque
1676 5174 1728 5237 iu

144 5253 167 5281 ι
186 5237 288 5299 ipso
310 5238 555 5307 habitarit.
578 5242 718 5307 patet
738 5236 786 5286 id
821 5235 885 5307 ex
921 5235 1128 5307 Possidio
1154 5248 1176 5307 ε.
1192 5235 1308 5307 dicit
1326 5236 1463 5307 enim
1484 5235 1728 5307 _Augusti-

143 5315 167 5343 ι
188 5295 301 5348 rium
324 5312 432 5349 cum
453 5300 619 5349 amicis
653 5299 719 5349 de
758 5299 889 5349 Italia
910 5297 1143 5347 reducem
1165 5298 1214 5346 in
1245 5295 1445 5345 Africam
1484 5295 1728 5346 habitasse

145 5375 168 5404 α
189 5373 275 5421 per
299 5362 563 5424 triennium
586 5363 636 5409 in
676 5374 797 5424 agro
819 5358 1338 5424 'rhagastensi,_quoad
1380 5360 1616 5424 Itippone,
1641 5360 1728 5408 ubi

145 5436 168 5466 ι
188 5420 426 5485 figentem
446 5423 493 5471 in
516 5420 733 5485 rebusin
757 5424 897 5485 istam
916 5420 1053 5470 suam
1074 5420 1361 5485 societatem
1392 5420 1566 5470 lucrari
1583 5433 1727 5485 qua:-

144 5497 169 5527 ι
191 5482 349 5558 rebat,
373 5484 979 5558 ahpopuloapprehensus
1033 5490 1139 5558 est,
1162 5482 1417 5555 factusque
1465 5482 1728 5546 presbyter

149 5559 172 5589 ι
190 5544 805 5608 aedificavit—monasterium
827 5547 879 5594 in
895 5558 1015 5608 agro
1035 5544 1306 5593 Valeriano.
1327 5561 1349 5588 ι

198 5604 270 5732 ibi
302 5614 452 5658 Locus
485 5607 590 5657 falsi
610 5607 917 5657 insimulatus
928 5604 975 5657 va
996 5613 1141 5669 Lupo,
1165 5614 1221 5656 ut
1239 5618 1410 5677 supra,
1436 5606 1493 5655 ad
1506 5619 1653 5678 serm.
1678 5606 1729 5655 4.

222 5682 247 5717 c
313 5687 337 5715 ι
357 5669 488 5729 Quod
518 5671 818 5732 Augustinus
845 5669 1021 5719 fratres
1040 5670 1274 5732 ordinant
1314 5668 1371 5715 ad
1405 5670 1729 5732 ministerium

222 5668 283 5733 ε)
313 5687 337 5733 ᾳ
357 5669 488 5729 Quod
506 5669 1021 5733 rAugustinusrfratrcs
1036 5668 1274 5733 ordinarit
1314 5668 1371 5715 ad
1405 5670 1730 5733 ministerium

145 5743 168 5773 ι
188 5729 325 5780 verbi
346 5743 403 5781 ac
422 5729 689 5781 audiendas
709 5729 924 5780 fidelium
936 5729 1269 5780 confessiones
1283 5765 1296 5789 ,
1314 5738 1391 5780 est
1412 5744 1548 5780 mera
1570 5730 1730 5782 fabula

145 5804 168 5834 ι
520 5795 722 5857 istorum
744 5800 1020 5857 temporum
1041 5792 1303 5857 disciplina:
1328 5792 1483 5855 palam
1506 5793 1727 5857 adversa,

145 5865 172 5897 ι
187 5852 397 5921 ideoque
418 5855 621 5906 ridenda
641 5868 740 5906 non
760 5852 1032 5913 refutanda,
1052 5870 1076 5900 ι
1123 5852 1276 5918 inquit
1298 5852 1474 5919 Lupus.

372 5936 600 6002 Sacr.
647 5939 925 6001 Auansr.
970 5936 1077 5998 VI.

1134 359 1221 416 AD
1259 359 1579 415 FRATRES
1620 360 1683 414 IN
1722 359 1956 417 EHEMO
1995 364 2222 419 SERMO
2264 366 2396 420 XIV.

3262 376 3391 431 1238

1792 475 2054 549 segregati
2088 478 2230 549 _cstis
2259 492 2288 529 a
2333 481 2547 544 sarculo,
2588 486 2676 549 qui
2722 482 2879 535 etiam
2925 483 3083 538 vitam
3135 486 3391 543 tutiorem

1792 545 1999 625 eligere
2010 545 2477 625 voluistis,aud_ite
2499 545 2643 625 quad
2668 552 2717 603 in
2744 551 2947 625 cunctis
2976 556 3209 610 maxime
3228 558 3393 625 justi-

1796 617 1920 671 tiam
1951 615 2173 685 diligere
2202 617 2457 674 debeatis.
2490 615 2534 674 Ο
2564 620 2754 675 fratres
2785 622 2891 675 mei
2922 633 2971 676 et
3001 626 3180 680 laetitia
3211 615 3390 687 cordis

1794 687 1918 751 mei,
1953 688 2109 761 vultis
2138 689 2571 761 scirertiuornotlo
2613 707 2707 745 vos
2734 692 2957 746 solitarii
2983 695 3239 761 justitiam
3271 698 3393 752 dili-

1792 771 1920 827 gere
1944 756 2219 813 debeatis?
2262 756 2458 817 cavete
2484 778 2552 818 ne
2582 762 2660 817 sic
2687 763 2755 816 al)
2782 756 3000 818 alterius
3029 766 3187 818 oculo
3226 768 3392 823 festu-

1793 842 1910 882 cam
1936 828 2188 910 ejiciatis,
2214 839 2271 884 ut
2298 831 2349 884 in
2366 834 2529 910 _ceulo
2553 832 2767 910 proprio
2788 833 2992 910 trabem
3020 849 3126 888 non
3149 835 3392 893 videatis:

1793 912 1894 952 nec
1922 898 2257 970 sic_alterius
2299 903 2474 957 velitis
2512 898 2747 958 relevare
2791 904 3017 970 lapsura,
3057 915 3115 959 ut
3158 916 3395 964 vestrum

1794 982 1901 1023 non
1944 968 2169 1023 videatis
2196 985 2397 1027 casum.
2441 972 2551 1028 Nec
2589 974 2667 1029 sic
2706 968 2926 1028 alterius
2968 990 3159 1030 curare
3189 976 3399 1035 debetis
3442 1030 3475 1039 ,η

1795 1039 2063 1115 morbum,
2094 1048 2151 1093 ut
2178 1050 2352 1115 et_vos
2382 1044 2889 1115 ipsosrpostponatis
2912 1054 3161 1115 aegrotos,
3187 1063 3255 1103 ne
3278 1050 3396 1104 cui-
3441 1060 3449 1087 ι

1795 1107 1927 1187 libet
1966 1117 2201 1187 vestrum
2231 1107 2460 1187 dicatur,
2496 1107 2715 1187 Mediae,
2766 1132 2891 1169 cura
2939 1107 3110 1185 primo
3152 1107 3199 1170 te
3226 1120 3398 1187 ipsum

1797 1178 1949 1250 (Luc.
1979 1194 2057 1245 IV,
2087 1180 2213 1255 23)._
2232 1183 2369 1237 Cura
2393 1200 2522 1255 ergo
2539 1178 2709 1255 primo
2734 1194 2786 1240 te
2807 1178 3004 1254 ipsum,
3036 1202 3070 1240 o
3092 1178 3389 1255 monache;

1797 1259 1860 1326 ut
1886 1260 2136 1326 curatus,
2166 1252 2387 1326 alterius
2425 1252 2646 1311 vulnera
2693 1252 2882 1311 curare
2922 1257 3113 1324 possis.
3158 1252 3395 1326 Audite,

1797 1319 1992 1376 fratres
2036 1322 2159 1386 mei,
2191 1324 2370 1380 audite
2411 1326 2536 1391 quid
2586 1327 2840 1382 Dominus
2883 1319 3081 1383 dixerit
3108 1319 3396 1387 Phariszeis

1797 1391 2094 1469 adulteram
2121 1396 2495 1469 accusantibus
2527 1415 2542 1451 :
2572 1396 2671 1462 Qui
2695 1398 2805 1469 sine
2832 1405 3032 1468 peccato
3058 1409 3394 1469 estvestrum,

1798 1462 1993 1542 primus
2025 1464 2087 1542 in
2114 1462 2260 1518 illam
2284 1465 2505 1542 tepida]:
2532 1469 2702 1542 _rnittat
2742 1462 2920 1542 (John.
2951 1484 3064 1535 VIII,
3096 1468 3180 1542 7).;
3204 1470 3249 1525 Ο
3275 1462 3396 1527 mo;

1800 1532 1992 1608 nache,
2024 1534 2078 1586 in
2117 1549 2224 1608 quo
2251 1532 2414 1590 alium
2451 1536 2683 1607 judicas,
2730 1532 2781 1591 te
2823 1539 2997 1608 ipsum
3048 1532 3396 1597 condemnas.

1799 1603 1915 1669 Qua
1942 1603 2140 1679 fronte,
2172 1605 2363 1679 fratres
2389 1603 2516 1673 mei,
2563 1603 2858 1677 poterimus
2898 1625 3127 1679 arguere
3156 1612 3288 1666 alios
3324 1612 3399 1669 de

1802 1688 1870 1764 eo
1888 1674 2037 1764 quod
2063 1674 2115 1729 in
2145 1676 2300 1764 nebia
2327 1679 2543 1764 gravius
2565 1674 2917 1735 invenimus?
2943 1674 3027 1735 Kd
3070 1695 3169 1737 nos
3198 1683 3357 1764 igitur
3376 1726 3395 1749 ,

1801 1743 2016 1815 fratres,
2066 1747 2296 1815 pertinet
2324 1743 2551 1804 mundos
2578 1765 2699 1806 esse
2736 1758 2793 1805 et
2834 1761 3089 1806 sanctos:
3118 1743 3244 1809 etsi
3272 1743 3400 1810 tunc

1802 1813 2023 1871 fratrem
2050 1813 2292 1898 uestrum
2316 1833 2539 1898 peccare
2563 1821 2825 1898 videmus,
2848 1820 3244 1892 reprehendere
3272 1839 3401 1881 eum

1802 1900 1941 1962 cunt
1969 1890 2112 1962 omni
2155 1890 2559 1962 mansuetudine
2600 1890 2877 1959 debemus,
2914 1890 2991 1947 ‘ne
3032 1907 3131 1962 per
3158 1903 3400 1951 nostram

1805 1956 2187 2038 negligentiam
2224 1969 2427 2038 pereat.
2472 1956 2907 2038 (_Ibaritas_enim
2952 1956 3057 2017 non
3101 1963 3243 2038 odii,
3289 1982 3402 2023 non

1806 2028 2065 2102 rancoris,
2094 2027 2192 2102 sed
2228 2027 2353 2102 ’z_elo
2371 2030 2594 2101 justitize
2634 2032 2869 2102 gladium
2895 2027 3247 2089 correctionis
3271 2052 3401 2091 eva-

1805 2097 1989 2175 ginare
2032 2097 2208 2154 debet.
2237 2097 2389 2175 "Tunc
2417 2097 3022 2175 semper'rnisericerdia
3050 2104 3203 2175 ligata
3232 2107 3302 2160 sit
3344 2108 3402 2163 in

1807 2167 2060 2246 cordibus
2095 2170 2326 2246 vestris;
2356 2186 2444 2237 ne,
2473 2167 2622 2246 _ve’lut
2646 2171 2832 2238 Iudas,
2874 2172 2965 2246 ille
2987 2167 3356 2244 qui'peccavit
3380 2219 3401 2246 ,

1807 2238 2120 2314 desperatus
2142 2239 2211 2314 ad
2252 2242 2600 2314 suspendium
2633 2243 2987 2314 pergat.er
3004 2238 3188 2300 autem
3212 2246 3280 2302 ad
3306 2238 3404 2303 vos

1809 2311 2041 2383 maxime
2060 2311 2309 2383 pertinet,
2324 2310 2538 2383 fratres,
2553 2312 2647 2368 sed
2663 2310 2790 2383 quid
2804 2312 2871 2369 ad
2890 2314 3081 2371 fratres
3095 2316 3148 2370 in
3166 2317 3296 2373 urbe
3314 2317 3406 2373 ha-

1811 2378 2042 2461 bitantes
2063 2378 2348 2461 pertineat,
2360 2378 2832 2461 a_ud_iamus_._Certe
2851 2398 2959 2440 non
2971 2386 3145 2441 solum
3164 2387 3405 2461 hoc,sed

1811 2453 1974 2525 etiam
1994 2460 2199 2525 spectat
2213 2467 2283 2507 ne
2304 2453 2564 2521 judicium
2583 2454 2709 2509 odio
2722 2465 3059 2525 exasperent,
3086 2473 3154 2512 ne
3173 2453 3406 2513 crudeli-

1814 2529 1921 2576 tate
1938 2520 2288 2587 inflamment,
2305 2520 2372 2578 ne
2386 2538 2569 2579 amore
2583 2525 2823 2598 pecuniae
2838 2520 3262 2598 emolliant,quia
3280 2544 3406 2597 pau-

1882 2602 2111 2669 rcs'vcre
2119 2603 2385 2669 sumn_s,et
2398 2595 2759 2669 spectaculum
2777 2594 2903 2669 facti
2917 2610 3106 2652 sumus
3118 2594 3334 2669 Ahgelis
3348 2608 3406 2656 et

1855 2661 2144 2731 ominibus,
2162 2678 2231 2718 ne
2255 2661 2447 2720 timore
2472 2664 2731 2735 justitiam
2747 2666 3070 2736 relinquant,
3094 2682 3162 2723 ne
3176 2661 3271 2724 eos
3284 2686 3406 2727 mo-

1815 2741 1937 2787 veat
1973 2747 2060 2789 res
2102 2748 2368 2812 purpurea
2392 2775 2408 2801 ,
2443 2750 2562 2812 _nec_
2586 2735 3025 2812 divitis_rnunera
3055 2755 3070 2792 :
3099 2738 3196 2795 sed
3231 2742 3405 2812 magis

1822 2815 2012 2876 §accus
2037 2805 2308 2875 pauperis,
2340 2805 2567 2876 orphani
2591 2813 2646 2862 et
2672 2806 2860 2876 pupilli
2881 2822 2978 2863 eos
3000 2823 3217 2865 movere
3241 2805 3408 2868 debet

1818 2873 1914 2953 Dei
1950 2873 2210 2953 justitiam
2247 2890 2374 2953 cum
2406 2873 2589 2953 labore
2625 2873 2899 2953 eriercere.
2942 2877 3109 2953 Regia
3142 2880 3231 2953 _via
3254 2921 3271 2947 ,
3309 2884 3408 2953 qui

1820 2951 2019 3016 terram
2055 2945 2330 3016 judicant,
2359 2946 2609 3003 incedere
2637 2947 2867 3015 debent,
2901 2963 3000 3004 nec
3029 2945 3310 3007 declinare
3328 2945 3408 3010 ad

1819 3014 2101 3071 dexteram
2140 3017 2433 3087 molliendo
2461 3018 2515 3073 in
2547 3017 2805 3087 judicium
2827 3014 2855 3083 ,⁷
2884 3034 2986 3075 nec
3018 3020 3084 3075 ad
3130 3021 3407 3079 sinistram

1820 3086 2192 3161 exasperando
2222 3088 2274 3143 in
2302 3086 2642 3161 supplicium.
2671 3087 2789 3144 Non
2810 3090 2954 3144 enim
2979 3090 3265 3147 crudelitas
3294 3104 3401 3161 est,

1820 3158 2011 3233 punire
2054 3166 2304 3233 reatum,
2346 3160 2443 3233 sed
2476 3160 2710 3233 justitia;
2743 3176 2859 3233 non
2888 3161 3223 3233 tyrannicum
3247 3205 3262 3231 ,
3305 3158 3407 3221 sed

1822 3228 2019 3283 divinae
2058 3229 2391 3303 rectitudinis
2425 3228 2860 3303 judiciumeNon
2901 3228 3089 3303 tamch
3120 3228 3359 3289 volumus
3384 3278 3403 3303 ,

1824 3313 1925 3354 nec
1950 3301 2232 3373 consilium
2259 3301 2469 3373 damus,
2491 3308 2551 3355 ut
2569 3317 2693 3357 mox
2707 3301 2977 3373 judicent;
3001 3302 3098 3359 sed
3115 3318 3236 3359 cum
3257 3301 3408 3363 omni

1824 3369 2129 3445 maturitate
2152 3370 2420 3445 incedant,
2443 3382 2504 3445 _et
2525 3369 2737 3445 inventa
2763 3369 3111 3445 discussaque
3138 3376 3215 3430 rei
3242 3391 3407 3433 causa

1825 3440 1878 3494 in
1909 3440 2105 3515 Christi
2132 3443 2351 3515 nomine
2365 3442 2603 3515 judicent
2626 3443 2994 3514 delinquentes
3011 3440 3038 3511 ς’
3052 3445 3171 3500 etsi
3199 3446 3409 3515 publice

1828 3513 2182 3586 peccaverint,
2213 3513 2439 3586 publice
2455 3514 2763 3586 puniantur,
2787 3513 2845 3586 ut
2863 3525 2919 3571 et
2942 3515 3122 3571 caeteri
3145 3513 3407 3586 justitiam

1825 3580 2110 3651 diligentes
2154 3580 2342 3639 fortius
2392 3580 2653 3655 diligant,
2703 3580 2760 3640 et
2800 3584 3060 3655 justitiam
3106 3580 3407 3644 metuentes

1828 3662 2103 3725 metuant,
2144 3665 2198 3709 et
2225 3664 2449 3709 caveant
2475 3671 2544 3710 ne
2572 3655 2900 3725 delinquant.
2934 3658 2978 3711 Ο
3006 3668 3187 3711 sancta
3219 3658 3405 3713 lauda-

1828 3722 2057 3793 bilisque
2071 3726 2305 3798 justitia!
2332 3726 2431 3778 sub
2457 3735 2509 3780 te
2528 3736 2579 3780 et
2603 3742 2695 3793 per
2717 3722 3045 3798 tepudieitia
3076 3737 3280 3798 regnat,
3302 3745 3406 3798 pax

1828 3808 1928 3868 per
1953 3804 2007 3849 te
2030 3795 2320 3868 triumphat
2346 3804 2401 3868 et
2425 3798 2708 3868 securitas,
2731 3796 2969 3868 dignitas
3005 3812 3103 3865 per
3129 3795 3181 3868 te
3209 3795 3365 3853 floret
3385 3842 3403 3868 ,

1826 3862 1883 3919 et
1906 3863 2133 3919 fructum
2163 3862 2316 3918 affert
2345 3866 2396 3917 in
2425 3866 2693 3933 patientia.
2720 3864 2765 3919 Ο
2791 3862 3024 3933 Ῑιιειίιίθζ
3052 3866 3141 3933 qui
3174 3876 3224 3921 te
3254 3862 3406 3923 ama;

1826 3935 2002 4007 verit,
2048 3935 2139 4004 qui
2182 3943 2234 3988 te
2280 3934 2594 4007 strinxerit,
2641 3950 2762 3988 cum
2805 3935 2986 4007 Moyse
3027 3952 3177 3989 mare
3221 3939 3407 3995 mundi
3477 3997 3486 4007 ,

1828 4005 2079 4078 vitiorum
2124 4006 2380 4078 sanguine
2426 4005 2749 4078 rubricatum
2774 4045 2788 4070 ,
2831 4006 2975 4059 sicco
3018 4007 3240 4076 vestigio
3278 4024 3406 4078 pcr-

1827 4074 2093 4146 transibit.
2127 4074 2250 4129 Haec
2280 4077 2535 4146 estvirga
2562 4116 2576 4141 ,
2618 4089 2719 4144 qua
2759 4083 2907 4144 petra
2943 4074 3193 4146 percussa
3225 4074 3408 4135 manat

1826 4145 1885 4199 in
1925 4145 2156 4210 fluenta;
2202 4145 2323 4215 quia
2368 4145 2573 4215 lapidea
2622 4146 2955 4200 subditorum
3003 4145 3161 4201 corda
3202 4149 3405 4215 judicio

1822 4216 2044 4286 iustitia}
2082 4225 2218 4272 tacta
2242 4256 2259 4283 ,
2300 4217 2352 4271 in
2389 4221 2642 4270 virtutum
2683 4218 2973 4272 exuberant
3012 4216 3408 4276 flumina.‘ll:ec

1827 4296 1911 4343 est
1948 4287 2091 4357 virga
2129 4288 2309 4341 Aaron
2334 4328 2348 4353 ,
2389 4303 2507 4357 qua:
2534 4286 2803 4351 fronduit,
2838 4287 3053 4353 floruit,
3084 4298 3137 4342 et
3175 4289 3403 4347 fructum

1828 4358 2037 4429 peperit
2063 4374 2077 4412 :
2106 4358 2229 4429 quia
2250 4358 2453 4429 justitia
2479 4359 2631 4427 quasi
2656 4357 2886 4424 frondet,
2914 4358 3041 4412 dum
3072 4369 3248 4415 mente
3276 4376 3408 4416 con-

1828 4428 2052 4498 cipitur;
2094 4428 2279 4494 floret,
2310 4428 2436 4483 dum
2476 4428 2703 4483 viriliter
2738 4438 3048 4493 exercetur;
3085 4429 3403 4498 fructificat,

1828 4498 1955 4555 dum
1986 4498 2229 4572 subditus
2250 4500 2552 4572 corrigitur.
2595 4500 2719 4554 Ilaec
2756 4509 2840 4572 est
2878 4501 3225 4572 ventilabrum
3249 4542 3264 4565 ,
3298 4518 3407 4572 quo

1827 4586 2052 4641 granum
2089 4570 2342 4625 dividitur
2378 4587 2408 4625 a
2448 4571 2618 4639 palea,
2660 4570 2835 4625 sanies
2870 4585 2903 4626 a
2941 4570 3128 4626 morbo
3166 4570 3407 4641 ejicitnr;

1827 4643 1952 4713 quia
1976 4651 2160 4696 contra
2182 4642 2423 4696 morbum
2446 4642 2647 4713 peccati
2666 4641 3041 4713 opponendum
3072 4650 3155 4696 est
3176 4643 3406 4699 mordax

1829 4710 2199 4784 emplastrum,
2232 4728 2300 4767 ne
2338 4713 2389 4765 in
2431 4710 2809 4784 majusvitiunt
2850 4712 2996 4784 tabes
3033 4713 3290 4784 exuberet
3329 4716 3411 4769 in-

1828 4781 2035 4849 curata,
2063 4791 2119 4838 et
2142 4784 2196 4855 in
2225 4792 2567 4853 augmentum
2593 4781 2840 4836 facinoris
2868 4782 3129 4855 redundet
3154 4783 3410 4855 iniquitas

1830 4855 2107 4924 impunita.
2154 4852 2277 4907 "(BC
2319 4862 2401 4907 est
2447 4867 2731 4924 mensura,
2780 4852 3185 4924 quaidebcmus
3232 4852 3409 4911 metiri

1832 4922 2038 5005 prunas,
2060 4933 2114 4977 et
2134 4925 2318 4977 merita
2346 4922 2662 5005 ponderare.
2693 4923 2965 5005 attendite
2991 4932 3186 5005 tamen,
3214 4925 3408 5005 fratres

1832 4993 1940 5050 inei
1966 5006 2201 5066 pastores
2224 5034 2240 5058 ,
2271 4993 2361 5064 qui
2392 5002 2586 5066 terram
2614 4993 2853 5066 judicare
2882 4993 3119 5066 debetis,
3144 4999 3283 5066 quod
3312 4999 3411 5052 ali-

1831 5065 2044 5137 quando
2065 5065 2267 5137 justitia
2287 5072 2372 5137 est
2392 5064 2677 5118 relaxanda
2706 5075 2922 5137 propter
2941 5064 3249 5120 scandalum
3271 5070 3413 5121 mul-

1834 5135 2009 5191 torum
2034 5177 2049 5203 ,
2088 5135 2370 5205 aliquando
2413 5135 2779 5205 exaggeranda
2826 5145 2948 5202 est,
2996 5145 3055 5191 ut
3096 5139 3165 5191 sit
3201 5138 3407 5191 cautela

1834 5204 2185 5277 reliquorum.
2226 5205 2375 5259 Tunc
2427 5221 2554 5259 vere
2600 5204 2802 5275 justitia
2855 5207 3050 5277 dicitur
3092 5206 3298 5275 gladius
3340 5222 3409 5262 ex

1837 5276 2055 5346 utraque
2093 5287 2244 5345 parte
2276 5284 2494 5337 uentus,
2522 5278 2644 5346 quia
2689 5277 2918 5331 hominis
2952 5276 3186 5346 defendit
3212 5290 3407 5346 corpus

1835 5350 1903 5403 ab
1940 5344 2295 5403 exterioribus
2340 5344 2577 5414 iniuriis,
2619 5356 2674 5402 et
2710 5348 2941 5401 animam
2978 5362 3007 5399 a
3043 5344 3408 5413 spiritualibus

1836 5420 2113 5474 molestiis.
2159 5417 2284 5471 Ilaec
2329 5427 2411 5472 θδι
2460 5419 2723 5472 medicina
2777 5419 3062 5478 vitiorum,
3110 5414 3406 5472 antidotum

1836 5498 2195 5561 peccatorum.
2240 5487 2484 5561 Hmcrest
2524 5491 2709 5561 pugio,
2740 5502 2845 5561 quo
2884 5486 3110 5539 Pbinees
3146 5486 3412 5561 transfixit

1837 5556 2114 5616 cocuntem
2165 5574 2285 5613 cum
2342 5556 2680 5613 Madianitide
2733 5556 2973 5611 Judaeum
3004 5598 3018 5619 ,
3073 5564 3127 5611 et
3181 5560 3412 5614 cessavit

1837 5631 2125 5702 quassatio.
2154 5631 2277 5685 llree
2302 5639 2383 5685 est
2412 5631 2579 5702 lapis,
2613 5644 2717 5702 quo
2748 5625 2907 5702 David
2950 5627 3212 5702 percussit
3241 5628 3407 5683 Phili-

1838 5697 2024 5758 starum
2051 5746 2065 5767 ,
2108 5712 2159 5755 et
2198 5718 2227 5755 a
2264 5697 2514 5755 servitute
2556 5697 2713 5753 Israel
2765 5697 3027 5751 liberavit.
3073 5698 3195 5752 Ilaec
3232 5708 3413 5755 autem

1839 5776 1955 5829 sine
1992 5774 2351 5835 discretione,
2392 5770 2594 5840 gladius
2632 5778 2715 5823 est
2753 5769 2801 5821 in
2844 5783 3001 5822 manu
3043 5770 3243 5823 furiosi.
3284 5769 3411 5826 Haec

1839 5847 1956 5901 sine
1976 5843 2275 5917 prudentia,
2298 5851 2379 5897 est
2398 5855 2542 5896 inors
2569 5847 2624 5894 et
2654 5840 2915 5895 bonorum
2944 5842 3263 5911 persecutio.
3286 5843 3411 5900 Hac

2798 5934 3209 6018 ι’ρῑιαναηιε.)
