3934 6258
505 280 644 337 1267

501 391 732 460 erigeret
771 387 964 460 nos_ad
995 401 1073 442 se.
1103 387 1239 442 Ecce
1265 387 1410 460 cnim
1457 387 1732 460 quomodo
1770 402 1864 440 nos
1893 389 2088 442 amavit

500 457 623 531 quia
651 458 929 514 descendit
953 467 1010 531 ut
1036 472 1134 512 nos
1161 457 1443 531 exalttu'et,
1470 457 1760 531 eainanivit
1789 475 1870 531 se,
1901 467 1956 510 ut
1985 474 2088 512 no-

502 528 585 585 bis
613 537 934 600 potestatem
966 528 1208 600 donaret.
1233 529 1581 600 Accingimini
1611 545 1756 600 ergo,
1787 528 1873 600 lilii
1905 540 2092 598 poten-

505 599 690 665 tes,’et
723 609 896 672 estote
923 599 1115 672 parati,
1146 600 1266 669 quia
1294 599 1642 672 dieerastiua
1666 599 1911 672 videbitis
1953 601 2091 672 i_rres

500 673 782 726 verberata
805 669 1062 725 acie'ﬁdei
1089 671 1141 722 in
1168 686 1272 724 uno
1293 669 1587 738 eodemque
1620 670 1727 722 Deo
1747 678 1801 722 et
1830 670 2091 722 Domino‘

499 743 831 798 divinitatem
878 741 1205 794 incantatam
1226 783 1240 805 ,
1277 740 1608 809 majestatem
1639 740 1995 808 subjugatam,
2024 741 2092 792 li—

502 819 764 868 lii-rtatem
789 812 1130 880 captivatam,
1164 812 1414 864 virtutem
1445 811 1783 876 inﬁrmatam,
1813 813 2091 864 aeternita-

505 897 610 936 tem
642 883 1008 946 terminatam,
1042 882 1402 951 virginitatem
1433 881 1790 941 fet-nudatam.
1822 883 1982 934 vitam
2015 881 2097 934 in-

505 954 793 1010 ﬁrmatam.
821 954 1170 1022 Acciugimiui
1201 969 1362 1016 ergo,
1412 962 1467 1006 et
1508 960 1677 1005 estote
1709 953 1873 1020 parati
1916 962 2097 1006 mente

505 1042 635 1095 pura
660 1069 673 1088 ,
719 1025 824 1081 ﬁde
860 1027 1062 1095 integra
1083 1065 1098 1087 ,
1129 1025 1389 1078 charitate
1413 1024 1618 1076 sincera
1651 1041 1663 1074 :
1698 1030 1754 1076 ut
1779 1023 1902 1076 dum
1926 1038 2098 1095 vene-

502 1093 568 1150 rit
613 1096 701 1150 ille
733 1106 949 1150 sanctus
979 1093 1296 1148 'sanctorum
1319 1136 1332 1156 ,
1377 1102 1430 1148 et
1457 1095 1781 1162 pulsaverit,
1810 1093 2094 1147 confestim

502 1168 754 1235 aperiatis
795 1168 865 1221 ei.
901 1167 1013 1220 Non
1057 1165 1212 1232 igitur
1244 1165 1434 1219 taedeat
1463 1181 1557 1218 vos
1603 1163 1812 1217 modico
1857 1174 2097 1232 tempore

503 1253 718 1291 carnem
747 1247 977 1291 vestram
1021 1237 1242 1290 domare
1274 1235 1494 1304 jejuuiis
1524 1243 1577 1288 et
1605 1235 1924 1288 abstinentia
1955 1249 2097 1289 esca:

502 1317 556 1361 ct
601 1319 755 1377 potus
785 1325 797 1360 :
830 1309 950 1376 quia
995 1321 1122 1360 ecce
1162 1315 1535 1360 remunerator
1561 1305 1827 1365 adveniet,
1861 1305 2094 1359 reddens

502 1381 788 1446 unicuique
831 1377 1125 1432 secundum
1178 1394 1339 1445 opera
1384 1393 1501 1432 sua.
1551 1378 1882 1430 Salvatorem
1936 1377 2096 1445 igitur

502 1458 875 1516 exspectantes
903 1490 914 1511 ,
946 1449 1123 1501 sobrie
1144 1489 1158 1512 ,
1184 1448 1327 1514 juste
1357 1456 1410 1501 et
1437 1456 1582 1500 caste
1624 1448 1864 1500 vivamus
1892 1446 1943 1500 in
1993 1446 2096 1501 hoc

505 1522 720 1583 sa-culo,
752 1528 1123 1586 exspectantes
1163 1519 1367 1572 beatam
1398 1533 1544 1585 spent
1577 1525 1631 1571 et
1659 1517 1946 1572 adventum
1989 1518 2094 1571 Do-

501 1589 665 1662 mini;
702 1598 759 1643 ut
799 1590 957 1662 digne
999 1605 1118 1644 cum
1162 1604 1226 1644 eo
1276 1589 1491 1659 gloriari
1537 1588 1800 1658 possimus
1841 1589 1894 1643 in
1921 1589 2095 1645 caelis.

500 1661 690 1716 Amen.

1023 1761 1042 1792 σ
1104 1749 1332 1806 SERMO
1369 1748 1490 1822 xx.

968 1859 1034 1897 DE
1073 1858 1396 1896 ΝΛΤΙΥΙΤᾹἹῈ
1435 1855 1634 1896 ΒΟΜῙΧΙ.

573 1933 789 1990 Fratres
817 1934 1185 2000 dilectissimi,
1219 1934 1381 1987 homo
1411 1949 1515 2002 non
1544 1933 1714 1984 solum
1741 1947 1844 2002 per
1869 1930 2096 2002 Sapien-

502 2004 630 2062 tiam
652 2005 745 2060 Dei
777 2003 942 2059 factus
968 2013 1083 2058 erat
1116 2014 1171 2057 ut
1199 2013 1362 2068 esset,
1384 2001 1477 2056 sed
1504 2003 1662 2056 etiam
1689 2001 1754 2056 ad
1782 2001 2097 2070 sapientiam

503 2075 598 2128 Dei
631 2075 799 2129 factus
841 2083 988 2136 erat,
1023 2083 1078 2128 ut
1104 2074 1289 2126 beatus
1318 2083 1490 2135 esset,
1525 2081 1583 2125 nt
1627 2073 1714 2125 illa
1742 2073 2008 2126 frueretur
2033 2087 2098 2127 eo

502 2160 664 2204 sensu
687 2187 701 2210 ,
749 2160 854 2213 quo
885 2145 1082 2213 percipi
1111 2144 1368 2212 sapientia
1413 2151 1640 2210 poterat.
1664 2143 1775 2213 Sed
1805 2142 1927 2210 quia
1973 2159 2098 2210 pec-

503 2216 675 2269 cando
702 2211 917 2270 sensum
958 2211 1186 2276 amisit,
1217 2229 1321 2282 quo
1365 2213 1621 2282 sapientia
1652 2211 1752 2265 frui
1784 2213 2095 2277 debuisset,

502 2285 626 2354 quia
650 2285 844 2339 oblitus
871 2294 952 2340 est
968 2285 1250 2339 comedere
1272 2299 1458 2352 pan-cm
1480 2299 1654 2345 suum;
1676 2291 1730 2336 et
1755 2283 2097 2338 refectionem

503 2355 660 2420 illam
681 2372 781 2424 qua
814 2358 994 2409 vivunt
1037 2356 1228 2409 animae
1250 2395 1262 2417 ,
1295 2355 1346 2407 in
1377 2355 1707 2422 corporalem
1753 2358 2100 2408 commutavit

503 2425 931 2480 delectationem.
952 2425 1201 2481 Terrenis
1228 2426 1384 2493 igitur
1403 2434 1455 2478 et
1481 2425 1845 2492 corporalibus
1863 2440 2023 2479 sensu
2046 2434 2099 2478 et

503 2497 696 2551 affectu
727 2497 1006 2552 immersus
1027 2538 1040 2560 ,
1086 2512 1190 2552 non
1225 2496 1394 2564 potuit
1421 2510 1480 2550 se
1509 2495 1575 2548 ad
1607 2496 1955 2563 spiritualium
2001 2511 2096 2550 co-

503 2569 793 2637 gnitionem
824 2569 939 2622 sine
967 2584 1148 2622 amore
1176 2567 1403 2637 erigere,
1429 2565 1521 2621 sed
1549 2567 1660 2620 sola
1689 2581 1751 2619 ea
1776 2582 1894 2634 quae
1921 2568 2098 2620 carnis

503 2639 627 2710 sunt
645 2654 952 2710 agnoscere,
973 2639 1318 2708 spiritualium
1333 2637 1717 2706 jueunditatem
1738 2651 1841 2710 non
1860 2640 2093 2710 agnovit.

501 2708 628 2779 Ideo
656 2708 766 2777 ipsa
790 2711 877 2764 Dei
896 2711 1161 2779 Sapientia
1182 2724 1301 2762 cum
1321 2724 1528 2762 sursum
1557 2717 1720 2773 esset,
1740 2709 1992 2779 deorsum
2009 2708 2097 2760 ho-

503 2777 591 2834 die
621 2780 764 2834 venit
795 2781 880 2836 ubi
911 2777 1071 2834 homo
1099 2788 1232 2843 erat,
1255 2790 1308 2831 ut
1339 2795 1459 2833 emn
1489 2787 1766 2832 revocaret
1789 2778 1927 2832 ttnde
1956 2779 2097 2834 Ceci-

503 2849 760 2906 derat.‘Et
781 2866 906 2905 ecce
931 2851 1160 2905 Verbum
1188 2865 1313 2905 caro
1341 2849 1534 2903 factum
1560 2857 1660 2914 est,
1684 2857 1741 2903 ut
1766 2849 1905 2902 Deus
1930 2859 1982 2902 et
2002 2851 2098 2904 lio-

502 2936 592 2974 nto
609 2921 749 2975 inter
775 2919 1018 2976 homines
1035 2931 1179 2975 esset
1199 2939 1210 2972 :
1233 2930 1284 2975 et
1310 2922 1386 2974 sic
1412 2934 1703 2974 conversus
1724 2927 1806 2973 est
1835 2919 1983 2986 panis
2006 2920 2095 2976 ille

503 2991 557 3062 in
590 2991 690 3062 lac,
715 2999 818 3046 uta
845 2992 1077 3060 parvulis
1106 2991 1406 3046 hominibus
1435 2991 1570 3044 sumi
1605 2998 1801 3059 posset.
1824 2989 2093 3062 Sapientia

502 3061 618 3132 ipsa
646 3060 856 3117 sursum
885 3064 1036 3131 panis
1064 3071 1198 3126 erat,
1221 3071 1276 3116 et
1301 3062 1484 3132 eadem
1514 3063 1624 3130 ipsa
1652 3061 1907 3132 sapientia
1936 3060 2094 3116 deor-

503 3131 619 3198 sum
646 3135 725 3188 lac
747 3144 879 3188 erat.
901 3133 958 3188 In
977 3134 1250 3188 divinitate
1278 3134 1384 3202 ipsa
1405 3131 1673 3201 Sapientia
1703 3131 1854 3200 panis
1872 3142 1983 3186 erat
2005 3147 2017 3184 :
2038 3145 2095 3188 et

503 3202 556 3256 in
586 3203 910 3259 humanitate
934 3206 1088 3274 panis
1113 3204 1180 3259 de
1209 3207 1346 3259 eicio
1373 3203 1703 3257 descendens
1730 3202 1885 3274 hodie
1914 3202 1997 3257 Iac
2018 3203 2095 3257 fa-

502 3281 645 3328 ctum
673 3285 773 3339 est,
796 3285 851 3328 ut
875 3272 1121 3342 tanquam
1152 3277 1379 3329 infantes
1398 3291 1489 3343 per
1517 3275 1597 3329 lac
1621 3273 1803 3333 nutriti
1823 3272 2089 3341 homines,

500 3345 736 3417 roborati
767 3346 833 3400 ad
864 3362 1053 3414 panem
1083 3345 1295 3417 di-itatis
1323 3344 1578 3417 accedere
1611 3352 1849 3417 possent.
1874 3352 1927 3398 ct
1952 3344 2092 3399 idem
2171 3413 2178 3417 _

501 3414 618 3482 ipse
644 3417 888 3469 reﬁceret
907 3455 921 3481 ,
952 3426 1006 3470 et
1034 3416 1321 3471 reﬁciendo
1345 3416 1622 3484 languidos
1646 3416 1711 3468 ad
1740 3415 2095 3482 incorruptio-

501 3501 626 3540 nem
655 3496 946 3552 repararet.
977 3485 1136 3539 Dedit
1162 3502 1288 3553 ergo
1310 3486 1622 3550 reparandis
1646 3486 1712 3540 ad
1741 3486 2093 3554 incorruptio-

502 3570 627 3609 nem
662 3556 970 3608 alimentum
1003 3555 1448 3622 iueorruptionis,
1479 3555 1711 3622 parvulis
1743 3555 1956 3622 quidem
1988 3557 2090 3610 im-

501 3626 822 3680 maculatum
851 3640 1063 3678 carnem
1085 3640 1242 3692 quam
1270 3626 1650 3693 sumpseratde
1667 3625 1868 3693 virgine
1899 3636 2087 3690 matre,

501 3697 753 3819 BCI'lL‘CliS
783 3712 909 3749 vero
939 3694 1391 3763 incorruptibilen't
1429 3694 1760 3749 divinitatem
1787 3709 1943 3762 quam
1990 3696 2086 3751 ha-

545 3765 611 3819 nit
645 3766 711 3819 de
736 3775 937 3819 aeterno
964 3767 1121 3819 Patre
1155 3784 1167 3818 :
1200 3766 1316 3819 istis
1337 3807 1352 3819 .
1385 3781 1453 3819 ne
1481 3766 1689 3819 interim
1721 3765 2008 3819 deﬁcerent
2036 3769 2086 3819 in

545 3765 611 3819 nit
645 3766 711 3820 de
736 3775 937 3819 ιιτιοιιιο
964 3767 1121 3820 Patre
1155 3784 1167 3818 :
1200 3766 1316 3819 istis
1337 3807 1352 3830 ,
1385 3781 1453 3820 ne
1481 3766 1689 3820 interim
1721 3765 2008 3820 deﬁcerent
2036 3769 2088 3823 in

499 3835 607 3902 via;
629 3837 750 3899 illis,
772 3845 829 3890 ut
856 3836 1201 3891 reﬁcerentur
1226 3846 1279 3891 et
1308 3838 1691 3906 perﬁcerentur
1717 3837 1770 3890 in
1797 3837 1961 3906 patria
1983 3854 1997 3890 :
2019 3840 2090 3893 is-

503 3907 572 3962 tis
597 3907 661 3963 ad
688 3907 1124 3966 consolationem,
1152 3909 1256 3961 illis
1282 3909 1346 3961 ad
1373 3907 1830 3977 gloriﬁcationem.
1863 3907 2090 3976 Propter

502 3978 762 4060 hocnergo
790 3979 882 4033 Dei
911 3979 1074 4033 Filius
1097 3993 1194 4047 pro
1229 3979 1596 4047 redemptione
1627 3978 1898 4060 hominum
1928 3977 2088 4040 homo

460 4101 467 4109 ,
500 4046 663 4104 hodie
691 4046 859 4105 factus
896 4060 1012 4113 est,
1042 4046 1252 4106 ut’cam
1281 4065 1374 4118 per
1410 4046 1626 4104 Carnem
1655 4049 1999 4114 liberaretur,
2034 4063 2088 4106 et

500 4118 736 4191 humano
764 4121 943 4191 generi
975 4119 1042 4174 de
1063 4135 1160 4174 suo
1189 4129 1491 4174 sumeretur
1517 4120 1740 4191 pretium
1764 4118 2088 4189 redemptio-

499 4190 616 4257 nis;
635 4200 688 4245 et
712 4190 834 4246 inde
862 4191 1158 4245 remedium
1189 4191 1360 4254 fieret,
1378 4191 1517 4246 unde
1544 4190 1727 4246 vitium
1755 4200 2083 4246 contractum

497 4260 706 4327 fuerat;
735 4271 789 4316 et
814 4263 865 4316 in
893 4263 1079 4317 eodem
1107 4271 1493 4316 monstraretur
1512 4302 1526 4326 ,
1557 4268 1612 4314 et
1637 4262 1820 4328 peritia
1850 4263 2082 4329 medici,

500 4343 556 4386 et
575 4333 778 4400 justitia
803 4331 1100 4402 redempti;
1132 4332 1346 4402 quando
1371 4332 1439 4386 de
1461 4346 1559 4386 suo
1585 4342 1639 4386 et
1667 4331 1903 4386 sanando
1934 4333 2084 4389 inve-

498 4403 646 4458 nitur
670 4403 962 4459 remedium
986 4444 1002 4469 ,
1035 4412 1088 4458 et
1112 4404 1340 4472 pretium
1372 4402 1703 4456 redimendo.
1736 4402 1866 4470 Quia
1896 4420 2022 4473 ergo
2052 4420 2083 4460 a

499 4474 845 4545 corruptione
875 4474 1205 4528 liberandum
1233 4482 1349 4528 erat
1374 4473 1514 4543 quod
1561 4473 1928 4545 redimendum
1951 4517 1964 4538 ,
1997 4475 2080 4530 id-

498 4546 641 4616 circo
662 4543 884 4616 pretium
903 4545 1282 4614 redemptionis
1299 4545 1660 4612 incorruptum
1675 4558 1791 4597 esse
1806 4543 2078 4600 debuerat.

498 4615 786 4686 Propterea
811 4619 971 4672 Maria
989 4625 1158 4671 mater
1181 4617 1349 4672 electa
1367 4623 1466 4687 est,
1487 4623 1542 4687 et
1556 4629 1716 4687 super
1731 4630 1915 4670 omnes
1932 4631 2083 4670 crea-

500 4684 646 4742 turas
675 4689 978 4758 praeeleeta,
999 4687 1246 4742 omnibus
1268 4684 1452 4758 gratiis
1484 4684 1784 4758 fecundata,
1803 4687 1945 4758 omni
1975 4687 2082 4740 vir-

499 4766 611 4810 tute
636 4755 690 4812 et
715 4761 989 4814 sanctitate
1021 4760 1071 4812 in
1104 4768 1253 4813 utero
1275 4755 1463 4811 inatris
1491 4757 1689 4824 repleta
1716 4773 1728 4807 :
1755 4765 1808 4808 ut
1835 4755 1899 4809 de
1925 4772 2078 4812 mun-

499 4826 717 4881 dissima
745 4839 912 4886 matre
937 4828 1317 4885 mundissimus
1345 4827 1484 4881 ﬁlius
1508 4835 1835 4889 nasceretur,
1864 4835 1916 4880 et
1941 4829 2080 4883 sicut

496 4898 553 4953 in
572 4898 708 4952 coelo
725 4899 889 4954 Filius
906 4901 1086 4954 habuit
1104 4900 1313 4954 Patrem
1344 4898 1699 4952 immortalem
1725 4906 1776 4950 et
1793 4908 2074 4963 azternnm,

495 4969 576 5024 sic
605 4977 658 5023 et
684 4970 737 5023 in
770 4979 905 5023 terra
938 4971 1156 5025 haberet
1186 4979 1409 5024 matrem
1441 4969 1583 5022 omni
1615 4968 1953 5032 corruptione
1984 4985 2077 5023 ca~

495 5050 722 5095 rentem.
767 5039 924 5109 Igitur
950 5042 1003 5095 in
1041 5043 1178 5096 cmlo
1203 5041 1374 5111 qualis
1399 5049 1482 5095 est
1509 5040 1696 5102 Pater,
1729 5039 1846 5093 talis
1875 5047 1957 5094 est
1984 5040 2076 5096 Fi-

496 5111 635 5176 lius;
666 5120 720 5167 et
745 5111 794 5165 in
826 5121 964 5165 terra
988 5112 1159 5181 qualis
1181 5120 1264 5166 est
1293 5121 1462 5166 mater
1482 5151 1496 5174 ,
1528 5111 1646 5164 talis
1675 5118 1758 5165 est
1784 5112 2076 5167 secundum

495 5199 711 5240 carnem
741 5181 898 5237 ﬁlius.
941 5181 998 5236 ln
1023 5184 1160 5236 coelo
1187 5198 1304 5236 cum
1331 5182 1488 5237 Patre
1515 5190 1749 5236 aeternus
1773 5191 1856 5237 est
1880 5192 1932 5236 et
1971 5184 2074 5237 im-

493 5271 736 5324 mensus;
755 5263 808 5310 et
829 5253 882 5308 in
901 5262 1038 5308 terra
1055 5268 1174 5324 cum
1192 5263 1360 5324 matre
1376 5254 1747 5324 immaculatus
1765 5263 1846 5308 est
1865 5265 1917 5306 et
1936 5271 2079 5308 man-

494 5336 696 5383 suetus.
718 5322 771 5380 la
789 5325 926 5381 etelo
951 5341 1073 5380 eum
1090 5323 1244 5394 Patre
1275 5322 1513 5394 sublimis
1537 5334 1688 5379 estet
1718 5326 2072 5394 incorruptus;

495 5407 550 5452 et
579 5400 628 5453 in
677 5409 816 5453 terra
855 5413 975 5452 cum
1011 5407 1178 5450 matre
1210 5392 1365 5447 hodie
1395 5394 1446 5446 in
1479 5396 1738 5463 praesepio
1767 5392 1980 5450 lunnilis
2022 5406 2078 5451 et

495 5467 854 5538 corruptibilis
879 5476 1116 5536 apparet.
1149 5464 1205 5520 ln
1245 5465 1581 5538 coeloimago
1609 5466 1778 5538 Patris
1816 5477 2074 5535 apparet;

494 5550 547 5595 et
576 5543 628 5594 in
659 5536 795 5595 tet'ra
842 5539 1019 5594 Maria}
1053 5539 1189 5592 lilius
1217 5536 1535 5592 ostenditur.
1581 5539 1634 5590 ln
1665 5537 1802 5590 coelo
1840 5539 2073 5592 siderum

492 5622 548 5667 et
575 5620 887 5666 cunctorum
906 5611 1076 5666 factor
1095 5609 1424 5673 ostenditur;
1451 5607 1540 5661 sed
1568 5608 1616 5661 in
1653 5617 1790 5660 terra
1825 5607 1981 5661 hodie
1999 5610 2078 5661 in-

491 5690 574 5740 ter
601 5684 788 5738 bovem
816 5690 869 5737 et
892 5683 1098 5737 asinum
1125 5681 1431 5737 collocatur.
1463 5681 1626 5736 Mater
1649 5680 1795 5749 virgo
1826 5679 1877 5732 in
1906 5679 2077 5733 humi-

599 5825 724 5881 ωιτη,
743 5825 789 5872 et
803 5816 1005 5886 (terniue.

1942 273 2300 331 APPENDIX.

3661 279 3681 333 Ι
3693 277 3775 332 2ῡὸ

2201 389 2346 442 litate
2375 386 2632 446 exsultat;
2659 383 2752 438 sed
2783 385 2898 452 ejus
2928 384 3083 439 hodie
3104 385 3246 439 ﬁlius
3276 385 3627 441 humilitatem
3654 389 3770 444 facta

2197 458 2554 513 commendat.
2584 457 2684 510 Per
2713 456 3006 528 virginemi1
3032 456 3194 528 hodie
3225 458 3369 511 venit
3390 457 3456 511 ad
3485 474 3602 523 nos;
3625 469 3673 513 et
3693 477 3770 528 per

2198 530 2458 599 virginem
2507 527 2779 599 pra-cessit
2809 542 2926 580 nos.
2973 527 3075 599 Per
3120 527 3579 596 incorruptionem
3610 527 3770 596 venit,

2200 610 2258 653 ut
2287 597 2560 669 peccatum
2593 598 2836 670 tolleret;
2869 612 2962 665 per
2989 597 3448 670 incorruptionem
3479 605 3738 670 przecessit
3757 647 3769 668 ,

2201 681 2260 724 ut
2289 668 2534 724 virtutem
2581 668 2993 723 demonstraret.
3025 668 3185 723 Venit
3212 671 3279 725 ad
3311 687 3409 725 nos
3454 668 3612 725 hodie
3638 672 3773 727 Jesus

2201 742 2526 801 Nazarenns,
2555 751 2610 794 ut
2637 738 2910 811 conferret
2929 740 3270 811 remedium;
3304 744 3596 811 praecessit,
3621 755 3673 798 ut
3694 745 3771 798 da-

2203 823 2286 866 ret
2325 812 2648 879 exemplum.
2694 810 2812 864 Non
2855 810 2998 865 enim
3027 812 3196 878 potuit
3225 810 3387 866 arbor
3415 814 3555 869 bona
3599 817 3770 868 malum

2201 883 2430 937 fructum
2459 881 2668 944 facere;
2698 881 2950 950 quoniam
2977 883 3155 936 onmis
3198 884 3360 938 arbor
3385 899 3453 938 ex
3485 888 3652 938 fructu
3690 901 3772 940 suo

2203 954 2559 1023 cognoscitur.
2603 953 2769 1006 Radix
2799 953 3003 1021 integra
3025 993 3040 1016 ,
3073 960 3128 1006 et
3156 953 3358 1009 fructus
3390 955 3508 1022 ejus
3547 956 3768 1010 incorru-

2202 1034 2324 1094 ptus
2341 1035 2442 1078 est.
2463 1023 2754 1078 Salvatoris
2783 1023 2942 1092 igitur
2959 1024 3126 1077 nostri
3150 1024 3414 1078 adventus
3429 1025 3640 1080 Gabriel
3657 1044 3772 1080 nuu-

2205 1098 2307 1149 tius
2339 1095 2533 1148 missus
2561 1103 2676 1159 est,
2725 1103 2781 1146 ut
2811 1109 3003 1148 novam
3036 1094 3089 1147 in
3119 1109 3282 1149 carne
3326 1097 3651 1151 nativitatem
3693 1098 3767 1151 lilii

2205 1166 2298 1219 Dei
2330 1167 2640 1233 pnedicaret
2665 1206 2677 1229 ,
2712 1164 2763 1216 in
2809 1179 2915 1231 quo
2957 1167 3126 1218 forma
3169 1167 3310 1219 servi
3345 1167 3571 1221 Domino
3598 1170 3766 1221 sociata

2204 1235 2412 1291 hostem
2441 1245 2686 1305 potenter
2712 1233 2928 1296 devicit,
2948 1233 3103 1288 fortis
3129 1235 3182 1288 in
3209 1235 3322 1302 illo,
3343 1253 3452 1290 non
3487 1248 3652 1290 tamen
3673 1241 3766 1291 vio-

2205 1307 2348 1362 lenta
2376 1308 2440 1360 ad
2471 1305 2799 1361 inferendam
2827 1306 3092 1371 injuriam,
3115 1305 3210 1360 sed
3235 1306 3428 1360 efficax
3447 1308 3513 1362 ad
3539 1309 3763 1374 justitiam

2189 1378 2568 1432 ‘obtinendam.
2593 1378 2879 1446 Propterea
2896 1375 3112 1431 Gabriel
3131 1378 3326 1433 missus
3347 1387 3433 1431 est
3459 1395 3590 1432 tinus
3606 1379 3667 1434 de
3682 1395 3761 1433 ma-

2198 1447 2407 1519 joribus
2433 1448 2691 1503 caelorum
2731 1447 2950 1519 Angelis
2980 1464 3013 1519 ξφ
3027 1447 3120 1519 sed
3165 1448 3285 1502 ideo
3314 1447 3533 1504 Gabriel
3561 1449 3757 1516 dicitur,

2204 1516 2323 1588 quia
2358 1520 2546 1573 fortior
2574 1518 2778 1572 cunctis
2808 1526 2943 1572 erat.
2974 1516 3190 1573 Gabriel
3223 1522 3366 1574 enim
3401 1519 3670 1575 Fortitudo
3695 1522 3759 1575 ia-

2205 1599 2528 1660 terpretatur
2562 1607 2576 1644 :
2607 1591 2728 1659 quia
2757 1589 2868 1658 ipsa
2899 1589 3058 1660 etiam
3089 1590 3372 1644 inﬁrmitas
3394 1591 3638 1646 fortitudo
3663 1592 3758 1657 fuit,

2203 1658 2452 1729 quoniam
2484 1661 2536 1713 in
2565 1658 2924 1728 ea’superatus
2950 1658 3334 1727 fuitinimicus,
3355 1670 3411 1715 et
3439 1673 3589 1730 capta
3614 1663 3758 1729 paeda

2203 1746 2232 1784 a
2257 1731 2492 1786 violento
2518 1731 2735 1786 reducta
2765 1739 2866 1786 est.
2887 1731 3018 1785 Tres
3047 1732 3188 1785 enim
3218 1733 3513 1800 perierant,
3532 1743 3583 1786 et
3603 1734 3759 1788 subse-

2203 1813 2356 1856 Cutus
2374 1813 2454 1856 est
2473 1812 2710 1871 quartus,
2732 1802 3038 1871 redemptor
3059 1819 3242 1856 eorum
3267 1804 3428 1858 Deus.
3453 1803 3646 1858 Primus
3661 1807 3756 1860 sine

2204 1875 2445 1927 masculo
2475 1881 2529 1926 et
2553 1873 2666 1927 sine
2693 1873 2909 1934 femina,
2944 1881 3000 1926 ut
3023 1873 3214 1926 Adam.
3249 1873 3530 1928 Secundus
3557 1875 3618 1928 de
3661 1891 3758 1928 nia-

2204 1945 2354 1998 sculo
2380 1945 2495 1998 sine
2526 1942 2720 1997 femina
2741 1984 2756 2009 ,
2781 1953 2836 1997 ut
2866 1944 2971 1996 Eva
2999 1944 3066 1997 de
3093 1943 3298 2007 Adam;
3325 1945 3450 2011 quia
3484 1946 3593 1998 tulit
3627 1961 3756 1999 unam

2203 2014 2271 2069 de
2299 2015 2464 2070 costis
2488 2014 2602 2084 ejus
2621 2057 2636 2081 ,
2667 2025 2721 2069 et
2753 2014 2974 2083 replevit
3002 2030 3216 2068 carnem
3251 2030 3348 2083 pro
3379 2031 3460 2070 ea.
3495 2015 3683 2071 Tertius
3702 2016 3753 2069 de

2204 2088 2441 2140 masculo
2471 2096 2525 2140 et
2563 2087 2754 2139 femina
2775 2128 2787 2149 ,
2820 2096 2880 2139 ut
2907 2085 3060 2140 Abel.
3087 2085 3326 2152 Quartus
3352 2085 3421 2140 de
3459 2085 3639 2140 femina
3663 2087 3754 2141 sine

2204 2157 2465 2220 masculo,
2499 2165 2557 2210 ut
2587 2157 2831 2210 Salvator
2860 2155 3063 2215 mundi.
3097 2157 3184 2224 qui
3215 2157 3283 2210 de
3315 2158 3472 2211 beata
3501 2157 3645 2211 Maria
3664 2158 3751 2211 vir-

2202 2227 2326 2296 gine
2354 2227 2510 2282 hodie
2541 2243 2636 2296 pro
2664 2227 2818 2281 nobis
2845 2227 2990 2281 nasci
3019 2226 3265 2296 dignatus
3293 2238 3398 2282 est.
3433 2227 3502 2281 Et
3532 2230 3632 2296 quia
3653 2230 3748 2295 pri-

2203 2313 2324 2352 mus
2349 2308 2534 2352 auctor
2562 2299 2734 2365 eulpze
2763 2297 3002 2366 deiectus
3028 2305 3108 2350 est
3138 2313 3232 2366 per
3263 2298 3539 2359 feminam,
3558 2299 3650 2352 idm
3668 2315 3746 2353 au-

2203 2378 2405 2422 ctorem
2423 2370 2605 2434 gratia:
2633 2370 2747 2422 sine
2775 2367 3012 2422 masculo
3039 2369 3304 2436 Concepit,
3324 2380 3378 2423 et
3408 2370 3598 2438 peperit
3619 2368 3743 2422 hodie

2203 2438 2396 2492 femina
2421 2439 2583 2492 Maria
2608 2439 2775 2507 virgo.
2803 2439 2926 2492 llzec
2954 2448 3036 2492 est
3062 2438 3254 2493 femina
3284 2440 3448 2492 totius
3477 2440 3636 2493 mundi
3655 2455 3747 2493 tua-

2203 2516 2286 2563 ter
2309 2519 2361 2562 et
2385 2509 2618 2573 domina,
2652 2527 2770 2578 qnte
2798 2511 2944 2578 virgo
2973 2524 3294 2577 pcrtminens
3319 2511 3527 2578 peperit
3551 2510 3687 2564 hodie
3703 2513 3749 2562 ti-

2202 2579 2352 2632 lium.
2373 2578 2537 2634 Stella
2558 2580 2772 2649 protulit
2790 2581 2977 2640 solem,
3001 2591 3240 2633 creatura
3259 2582 3445 2649 genuit
3461 2583 3750 2641 Creatorem,

2201 2649 2308 2706 filia
2330 2652 2573 2720 concepit
2602 2662 2804 2720 patrem
2830 2660 2881 2704 et
2908 2651 3270 2715 ﬁlium,siinul
3302 2651 3353 2704 in
3385 2668 3541 2705 unum
3566 2652 3752 2705 divitem

2199 2730 2254 2774 et
2283 2737 2589 2790 pauperem.
2623 2723 2736 2792 lp~a
2781 2721 2886 2774 ﬁlia
2913 2763 2926 2786 ,
2971 2722 3080 2788 ipsa
3111 2731 3192 2775 est
3219 2731 3274 2775 et
3301 2733 3509 2784 mater;
3551 2722 3646 2790 ipsa
3672 2737 3754 2774 au-

2199 2792 2317 2862 cilla
2365 2802 2418 2846 et
2463 2793 2715 2855 domina;
2750 2793 2861 2860 ipsa
2891 2793 3117 2862 geniti-ix
3161 2801 3210 2846 et
3257 2793 3435 2861 genita
3471 2811 3482 2846 :
3515 2794 3615 2860 ipsa
3651 2807 3752 2847 cum

2200 2861 2499 2930 integritate
2555 2864 2803 2932 peperit,
2862 2861 2982 2917 cum
3039 2863 3342 2931 virginitate
3397 2864 3666 2932 concepit,
3711 2872 3754 2915 et

2201 2943 2320 3000 post
2367 2946 2612 3002 partum,
2650 2943 2704 2986 ut
2748 2949 2909 3003 supra
2953 2934 3183 2988 diximus
3207 2975 3222 2996 ,
3257 2934 3408 3003 virgo
3457 2933 3750 3002 permansit;

2198 3003 2371 3071 ipsum
2418 3020 2578 3074 quem
2623 3006 2803 3072 genuit
2843 3021 2965 3058 mox
3009 3005 3266 3058 adoravit.
3310 3005 3472 3074 Cujus
3513 3003 3750 3059 adoratio-

2199 3075 2284 3128 nis
2311 3083 2366 3129 et
2388 3077 2573 3145 gratiae
2603 3077 2886 3144 participes
2915 3091 3012 3130 nos
3041 3075 3196 3128 faciat
3227 3076 3334 3132 ille.
3365 3076 3453 3141 qui
3481 3091 3594 3129 cum
3625 3075 3752 3128 Patre

2196 3154 2253 3272 ﬁt
2273 3145 2472 3216 Spiritu
2498 3156 2683 3204 sancto
2709 3147 2838 3201 vivit
2865 3156 2920 3202 et
2941 3156 3127 3218 regnat
3152 3147 3205 3202 in
3225 3147 3425 3202 ειυριιΙιι
3448 3146 3748 3203 “culorum.

2246 3232 2388 3272 men.

2246 3232 2366 3274 men
2375 3256 2388 3271 .

2789 3289 3016 3363 seruio
3057 3307 3195 3364 XXI.

2295 3416 2363 3455 ne
2403 3415 2627 3456 ramum
2666 3415 2873 3456 GENERE
2913 3415 3265 3456 uoxacnonun
3307 3416 3359 3455 εκ
3401 3401 3668 3456 διεσιιιῑοὶ

2267 3489 2338 3547 Ut
2363 3491 2518 3547 nobis
2560 3506 2654 3560 per
2680 3491 2883 3548 litteras
2907 3490 3194 3544 declaravit
3222 3500 3442 3545 sanctus
3472 3501 3610 3558 pater
3644 3489 3745 3545 llic-

2194 3577 2486 3632 rouymus,
2536 3559 2726 3616 fratres
2755 3561 3085 3617 dilectissimi
3109 3605 3121 3622 ,
3158 3561 3255 3614 tria
3299 3572 3425 3615 sunt
3465 3562 3513 3616 in
3547 3559 3743 3631 Iﬁgj'pto

2193 3631 2389 3702 genera
2421 3632 2802 3686 monachorum
2837 3647 2849 3684 :
2885 3647 3108 3699 quorum
3135 3631 3241 3685 duo
3267 3634 3469 3700 optima
3499 3641 3639 3702 sunt,
3659 3631 3742 3684 sed

2196 3701 2408 3758 tertium
2458 3705 2676 3758 omnino
2709 3703 2942 3772 tepidum
2989 3712 3041 3757 et
3071 3702 3212 3756 omni
3257 3705 3451 3756 allec-tu
3485 3701 3743 3756 vitandum.

2194 3772 2325 3840 Qua:
2355 3783 2478 3828 sunt
2509 3775 2592 3829 illa
2622 3775 2729 3828 duo
2758 3791 2875 3844 qtae
2901 3775 3098 3841 optima
3133 3773 3505 3841 pra-dicantur,
3525 3773 3610 3828 nisi
3636 3772 3744 3826 liii:-

2194 3847 2440 3898 mitarmn
2471 3856 2629 3915 atque
2657 3845 3056 3899 Gtenobitarunt
3082 3858 3246 3913 genus
3272 3855 3327 3898 et
3357 3846 3490 3899 ordo
3510 3887 3522 3906 ,
3550 3858 3742 3915 quonun

2193 3917 2298 3970 vita
2331 3912 2623 3970 clarissima
2653 3925 2705 3969 et
2747 3926 2929 3971 sancta
2956 3912 3295 3983 congregatio
3324 3912 3742 3985 teinporeprardif

2192 3988 2415 4041 cationis
2445 3986 2749 4056 apostolicze
2792 3987 3019 4054 sumpsit
3049 3986 3366 4040 exordium?
3411 3983 3496 4041 Isti
3534 3995 3640 4040 sunt
3676 3983 3740 4037 illi

2191 4058 2291 4112 viri
2332 4058 2545 4125 perlecti
2573 4058 2764 4126 quibus
2790 4058 3092 4127 frequenter
3131 4056 3329 4110 adhtesi
3364 4068 3592 4126 tempore
3613 4069 3740 4127 erro-

2190 4143 2310 4182 rum
2355 4125 2604 4182 meoruut
2627 4129 2700 4197 (α)
2722 4169 2734 4190 ,
2766 4143 2861 4198 per
2891 4125 3034 4196 quos
3055 4127 3215 4198 etiam
3257 4125 3537 4182 illuminari
3565 4125 3738 4180 merui:

2190 4215 2416 4267 quorum
2461 4200 2618 4253 etiam
2649 4197 2942 4254 sanctitatis
2980 4200 3112 4252 fama
3141 4197 3208 4252 ad
3237 4212 3398 4253 aures
3423 4214 3561 4252 meas
3585 4211 3738 4267 pervc-

2189 4266 2376 4333 niens,
2407 4269 2662 4338 baptizari
2694 4288 2795 4324 non
2827 4270 2915 4323 diu
2943 4269 3139 4328 disuili.
3173 4268 3235 4326 lit
3281 4271 3364 4337 pia
3395 4280 3556 4323 matre
3579 4281 3649 4324 tne
3672 4266 3738 4319 iu-

2189 4341 2416 4410 stigante
2443 4341 2581 4410 apud
2615 4341 2986 4402 Mediolanum,
3022 4352 3076 4396 tit
3105 4341 3168 4393 ad
3203 4342 3427 4407 patriam
3461 4352 3733 4400 retneareut,

2187 4421 2242 4466 et
2267 4413 2485 4480 cupiens
2512 4426 2605 4467 eos
2632 4411 2829 4466 habere
2859 4412 2908 4465 in
2938 4411 3225 4465 visceribus
3252 4412 3542 4472 charitatis,
3573 4421 3619 4464 et
3638 4423 3732 4463 Cttltt

2187 4482 2267 4537 eis
2296 4483 2491 4551 pariter
2517 4483 2728 4546 vivere,
2757 4481 2821 4537 ad
2852 4483 3018 4535 virmn
3047 4483 3190 4535 llltltll
3223 4481 3640 4551 Simplicizmmn.
3663 4481 3732 4551 qui

2185 4568 2214 4605 a
2239 4550 2516 4622 juventutc
2536 4552 2990 4608 suadevotissime
3023 4553 3128 4606 Deo
3158 4550 3380 4614 vixerat,
3403 4569 3454 4605 in
3483 4567 3613 4606 onnu
3639 4550 3732 4602 (lar

2186 4625 2344 4680 ritate
2390 4625 2596 4692 perrexi
2618 4665 2634 4689 ,
2663 4623 2956 4692 deprecans
2986 4639 3104 4678 entu
3135 4637 3254 4678 cum
3305 4627 3429 4677 tletu
3455 4635 3506 4677 et
3529 4632 3728 4692 genum,

2186 4704 2244 4750 ut
2273 4691 2401 4749 mihi
2429 4695 2685 4762 quosdam
2731 4691 2915 4750 Servos
2940 4693 3031 4748 Dei
3062 4693 3130 4748 de
3153 4707 3264 4746 suis
3292 4696 3515 4750 donaret
3537 4691 3557 4746 ξ
3586 4702 3632 4746 et
3653 4691 3728 4742 do-

2185 4767 2329 4820 navit
2356 4782 2448 4820 eos
2480 4766 2606 4820 mihi
2657 4777 2895 4834 paterno.
2927 4766 3102 4831 Quare
3131 4775 3350 4833 paterae
3397 4779 3489 4820 eos
3515 4762 3728 4834 naiadu-

2183 4838 2364 4891 navit?
2393 4838 2524 4904 Quia
2552 4832 2753 4892 sciebat
2799 4851 2884 4895 me
2921 4835 3058 4891 velle
3088 4832 3468 4895 monasterium
3498 4851 3543 4887 in
3585 4832 3727 4888 Alt‘tt‘d

2184 4907 2467 4962 :ediﬁeare.
2499 4907 2564 4962 Et
2604 4907 2888 4976 assumptis
2915 4922 3121 4964 mecum
3150 4909 3430 4961 Anastasm
3449 4948 3464 4968 ,
3499 4906 3724 4976 Fabiano.

2183 4979 2407 5044 Severo,
2440 4977 2676 5043 Nicolao,
2711 4974 2999 5042 Dot'otheo,
3036 4978 3196 5036 Isaac.
3233 4977 3547 5037 .‘iirostrato.
3576 4974 3724 5034 Paulo.

2183 5048 2384 5121 Cyrillo
2403 5092 2418 5116 ,
2445 5049 2748 5120 Stephano,
2779 5049 3012 5117 .lacoho,
3040 5060 3094 5105 et
3125 5048 3275 5104 \‘itah
3306 5048 3612 5118 pauperculi)
3633 5048 3725 5113 (bl,

2247 5193 2268 5260 ξ
2293 5191 2417 5241 Alias
2441 5205 2453 5241 :
2485 5199 2574 5240 Per
2590 5189 2765 5260 ignem.

2245 5257 2264 5286 ²
2289 5261 2392 5302 Mss.
2423 5268 2433 5302 :
2462 5261 2528 5302 ne
2562 5248 2712 5303 tribus
2751 5251 3001 5316 generibus
3036 5248 3398 5309 monachorum,
3419 5259 3463 5301 ct
3501 5253 3556 5299 de
3586 5251 3723 5296 tantm

2180 5322 2471 5381 paupertate.

2247 5370 2316 5440 (ii)
2352 5386 2407 5428 At
2438 5386 2549 5426 ante
2576 5377 2820 5440 l‘outitiani
2846 5389 3120 5424 sermonem
3138 5375 3201 5424 de
3225 5370 3722 5440 monasteriisnitnlite-

2182 5431 2319 5492 verat
2343 5442 2658 5501 Augustinus;
2686 5454 2747 5488 ex
2796 5437 2877 5487 lih.
2903 5440 2933 5486 8
2954 5441 3183 5493 Confusa,
3211 5452 3315 5498 cap.
3349 5437 3395 5492 ti,
3420 5450 3495 5482 nn.
3529 5434 3571 5480 ti
3595 5439 3634 5479 et
3663 5431 3716 5473 l5-

2245 5505 2318 5566 (ἐν)
2355 5503 2590 5552 Possidius
2614 5537 2627 5558 ,
2667 5501 2782 5566 ολδ
2805 5537 2819 5566 ,_
2858 5504 2924 5566 ait
2964 5504 3277 5566 Augustinum
3311 5509 3586 5566 reposeunt

2189 5584 2212 5611 (ι
2235 5557 2283 5614 in
2299 5557 2507 5613 'Al‘ricam
2530 5557 2638 5613 cum
2662 5562 2767 5613 aliis
2783 5564 2967 5611 civibus
2991 5557 3048 5610 et
3061 5563 3228 5610 amicis
3248 5557 3403 5610 suisf»
3434 5566 3518 5607 nec
3536 5557 3640 5603 alios
3653 5562 3718 5598 uo-

2183 5630 2332 5677 ntinat
2349 5628 2639 5686 Augustinus
2653 5626 2733 5674 lib.
2746 5624 2954 5674 (:onl‘cs‘s.
2988 5632 3164 5684 praiter
3179 5625 3438 5686 navigium,
3455 5617 3716 5686 simulata-tt}.

2185 5671 2812 5754 313.17.}nr:'*i;;.;.;i.{....1*at.
2849 5671 3152 5754 samum:
3182 5671 3326 5754 piliil:
3356 5671 3437 5732 dc'
3468 5671 3712 5754 ξξιίεδιειξε

2191 5770 2216 5798 (ι
2239 5738 2455 5809 Proinde,
2500 5751 2652 5814 inquit
2692 5758 2863 5812 Lupus,
2887 5749 3140 5799 comitatus
3186 5749 3278 5797 iste
3315 5747 3439 5796 inter
3474 5738 3715 5790 fabulasesl

2195 5834 2219 5864 ε
2239 5813 2600 5877 computaudus.
2627 5830 2649 5858 ι»
