3934 6258
70 310 221 369 1269
1103 311 1194 366 AD
1219 310 1540 369 FRATRES
1575 310 1639 367 IN
1680 309 1913 366 EREMO
1951 313 2179 369 SERMO
2214 316 2354 371 XXI.

69 426 166 493 qui
214 424 507 493 pecuniae
533 422 797 479 sacculum
829 421 965 494 apud
993 421 1349 494 Mediolanum
1392 426 1627 488 invenit,
1659 432 1713 479 et

73 492 197 568 non
220 492 427 564 rapuit
451 537 469 561 ,
506 494 569 549 de
594 511 700 568 quo
720 495 828 565 jam
857 492 1157 549 Sermonem
1184 492 1406 568 fecimus
1425 538 1439 560 ,
1474 496 1599 568 quia
1616 496 1712 568 _in-

3270 321 3409 377 1%7u

1821 426 2043 495 gloriam
2077 427 2271 493 laudis,
2300 444 2327 481 a
2353 428 2663 484 melioribus
2688 432 2869 493 metui,
2908 442 2961 487 et
2988 442 3040 487 ut
3073 433 3213 489 Deus
3236 451 3375 490 vene

1822 497 1926 550 rari
1953 539 1967 562 ,
2010 499 2176 551 sancti
2206 500 2273 551 ab
2302 498 2547 552 omnibus
2575 502 2749 553 vocari
2781 502 3099 567 desiderant,
3132 506 3241 559 sola
3275 522 3406 562 voce

75 567 227 619 venit
255 575 319 619 et
353 582 483 620 non
518 566 709 635 rapuit,
742 574 988 637 necgpost
1013 580 1199 619 aurum
1226 565 1372 619 abire
1402 565 1585 620 voluit.
1615 565 1717 637 lgi-

77 646 167 690 tnr
196 637 328 690 istis
348 652 581 692 mecum
607 635 913 705 assumptis,
934 636 1126 689 imitari
1155 637 1430 705 cupiebam
1459 653 1579 691 cum
1597 635 1716 691 cha-

78 706 329 763 rissimis
364 712 522 763 meis
549 706 767 773 amicis,
799 706 998 761 Evodio
1020 749 1032 771 ,
1064 706 1252 778 Alypio
1272 749 1285 771 ,
1317 717 1369 761 et
1410 707 1672 762 Pontiano
1696 750 1710 775 ,

81 778 173 848 qui
204 778 305 832 diu
354 794 588 835 mecum
635 777 876 841 fuerant,
916 786 970 831 et
993 777 1367 831 cumcaeteris
1392 779 1712 844 duodecim,

82 863 223 919 quos
253 865 460 921 nuper
490 863 902 921 assuntpseram,
934 848 1050 902 illos
1078 863 1302 921 quorum
1333 848 1524 903 famam
1556 850 1715 921 etiam

86 918 668 990 sauctusﬁpresbyter
695 919 1048 991 Hieronymus
1076 918 1203 972 mihi
1226 919 1587 991 descripserat
1618 918 1711 991 (α).

86 993 153 1045 Et
178 990 265 1044 sic
287 991 540 1061 perveni
556 988 620 1044 in
649 988 879 1043 Africam
902 988 990 1061 pia
1018 998 1184 1061 matre
1209 988 1450 1043 defuncta
1472 1032 1484 1054 ,
1513 999 1565 1045 et
1591 988 1720 1044 aedi-

90 1060 248 1118 ticavi
269 1058 388 1125 [ut
410 1060 616 1117 videtis
636 1102 650 1127 ,
683 1058 1060 1113 monasterium
1084 1101 1098 1126 ,
1129 1060 1181 1113 in
1202 1075 1305 1128 quo
1332 1076 1471 1114 nunc
1493 1076 1676 1114 smnus
1700 1102 1713 1124 ,

87 1135 138 1187 in
172 1131 500 1187 solitudine
528 1146 559 1186 a
585 1130 830 1201 gentibus
876 1140 1227 1201 segregatum.
1264 1132 1335 1201 Et
1370 1130 1565 1200 placuit
1609 1132 1718 1186 Deo

85 1200 496 1262 centenarium
541 1199 819 1257 numerum
869 1199 1087 1253 fratrum
1132 1200 1258 1254 mihi
1308 1199 1547 1267 donare,
1594 1202 1716 1255 illu-

86 1278 319 1331 ininans
353 1271 539 1331 corda
586 1282 768 1331 nostra
794 1311 810 1336 ,
842 1284 946 1327 non
997 1270 1167 1324 solum
1209 1271 1575 1325 sanctissimos
1619 1287 1717 1336 pa-

97 1350 210 1403 tres
252 1346 558 1403 scutarios
604 1342 835 1411 imitari,
868 1340 965 1400 sed
996 1341 1151 1395 etiam
1184 1341 1235 1394 in
1286 1341 1384 1397 hac
1432 1340 1719 1398 solitudine

89 1430 252 1474 more
311 1417 719 1486 Apostolorum
775 1414 954 1472 omnia
1010 1412 1368 1486 communiter
1421 1413 1715 1481 possidere.

101 1488 229 1544 llazc
258 1489 418 1545 Deus
452 1504 553 1543 nos
578 1502 792 1542 servare
816 1528 832 1552 ,
862 1494 916 1541 et
944 1496 1121 1555 postea
1150 1485 1345 1542 docere
1367 1524 1384 1553 ,
1418 1492 1472 1537 et
1498 1498 1593 1554 per
1631 1499 1720 1538 me

102 1559 256 1614 vobis
305 1560 622 1630 praecipere
652 1557 837 1615 voluit.
886 1556 977 1612 Sic
1020 1556 1164 1611 enim
1191 1556 1382 1630 videtis
1412 1555 1719 1630 Aquiaante

100 1645 189 1687 me
218 1630 387 1686 multi
421 1627 639 1685 fuerunt
668 1637 846 1700 patres
871 1668 884 1695 ,
915 1642 1049 1698 quos
1074 1627 1224 1695 sequi
1252 1628 1526 1700 et_imitari
1552 1628 1720 1700 debeo

106 1717 275 1757 mus:
312 1716 436 1755 non
489 1697 709 1766 tamen,
761 1698 895 1753 sicut
935 1697 1036 1766 ego
1061 1739 1075 1765 ,
1126 1697 1415 1753 secundum
1460 1699 1717 1766 apostoli-

107 1787 221 1827 cam
256 1771 439 1825 vitam
485 1771 623 1826 alios
676 1771 856 1825 vivere
894 1767 1208 1823 docuerunt.
1259 1767 1430 1837 Caput
1475 1769 1635 1837 igitur
1662 1777 1717 1824 et

108 1842 461 1914 ρι’ἰικιὶνὶιιιιι⁸
473 1841 721 1914 omnium
767 1848 1003 1914 vestrum
1049 1853 1135 1893 me
1181 1840 1350 1908 ipsum
1395 1838 1573 1914 dicere
1602 1854 1719 1914 _non

110 1909 406 1969 erubesco.
442 1911 562 1968 Non
597 1923 770 1967 tamen
801 1924 896 1965 vos
922 1910 1097 1978 pigeat
1138 1923 1233 1963 eos
1267 1909 1415 1978 sequi
1443 1918 1495 1963 et
1525 1911 1719 1964 imitari

109 1984 159 2043 in
189 1984 482 2047 omnibus,
514 1982 846 2038 attendentes
893 1981 1069 2036 omnia
1126 1980 1478 2033 communiter
1526 1980 1719 2035 habere

116 2063 168 2126 et
192 2054 512 2126 possidere,
541 2054 744 2126 quiain
784 2049 1102 2126 celsitudine
1142 2051 1471 2120 paupertatis
1501 2051 1723 2126 viventi-

115 2120 212 2182 bus
259 2140 374 2180 non
434 2120 584 2187 licet,
634 2124 734 2178 nisi
777 2132 831 2176 ut
868 2137 1029 2175 unum
1062 2121 1266 2184 sitcor,
1306 2136 1407 2174 una
1443 2120 1639 2186 anima,
1669 2131 1722 2175 et

116 2196 293 2250 omnia
334 2196 706 2250 communiter
734 2192 1061 2264 possideant.
1102 2189 1252 2246 Unde
1277 2207 1522 2262 agrorum
1555 2193 1721 2264 pretia

120 2268 469 2336 ponebantur
485 2275 610 2320 ante
631 2262 790 2336 pedes
819 2268 855 2315 Α
868 2263 1212 2336 postolorttm,
1229 2268 1478 2336 tanquam
1500 2262 1720 2336 pedibus

121 2332 537 2400 conculcanda;
569 2332 692 2403 quia
740 2335 838 2403 ipsi
875 2333 1041 2387 sancti
1089 2332 1329 2401 Apostoli
1362 2343 1412 2385 ct
1438 2333 1593 2387 amici
1626 2332 1721 2387 Dei

119 2406 356 2488 indigna.
388 2403 729 2488 reputabant
758 2418 1012 2488 agrorum
1047 2404 1211 2488 pretia
1243 2403 1488 2488 manibus
1512 2413 1725 2488 contre-

124 2473 271 2535 ctari.
313 2473 476 2533 Unde
520 2477 678 2533 etiam
717 2476 769 2531 in
800 2473 967 2530 veteri
1001 2476 1115 2543 lege
1153 2473 1351 2528 Levitis
1380 2474 1722 2543 praecipieba-

124 2515 225 2617 tur:
254 2549 393 2603 nihil
424 2549 480 2603 in
516 2515 650 2603 tbi-ra
679 2561 861 2602 eorum
894 2515 1187 2617 possidere.
1218 2543 1331 2597 Non
1360 2515 1492 2613 drgo
1525 2515 1721 2617 liahere

127 2614 387 2675 debemus
421 2618 739 2687 temporalia
788 2616 853 2669 ad
874 2614 1274 2687 possidendum
1305 2632 1317 2667 :
1349 2629 1446 2669 nec
1476 2630 1602 2687 ego,
1632 2615 1723 2683 qui

127 2691 420 2760 episcopus
449 2685 594 2754 sum,
627 2688 826 2760 habere
854 2685 1042 2760 debeo,
1066 2686 1167 2740 nisi
1190 2693 1391 2760 tantum
1418 2686 1484 2760 ad
1511 2686 1724 2751 diapen-

126 2755 394 2827 Samium;
433 2760 573 2831 quia
605 2760 741 2831 bona
787 2757 1138 2831 Ecclesiarum
1185 2755 1561 2826 patrimonium
1593 2769 1721 2824 pau-

129 2846 312 2903 perum
342 2828 495 2903 sunt.
529 2829 682 2887 Unde
707 2842 827 2897 ego,
861 2828 948 2897 qui
981 2828 1261 2897 episcOpus
1309 2840 1427 2903 sunt
1451 2868 1464 2889 ,
1514 2841 1722 2903 suturae

129 2896 332 2979 cavere
362 2902 565 2965 debeo,
609 2916 674 2955 ne
714 2896 802 2955 res
827 2896 1147 2979 pauperum,
1168 2896 1321 2979 quas
1368 2896 1722 2979 liipponensis

131 2967 373 3029 Ecclesia
426 2984 750 3027 conservare
791 2967 1033 3035 videtur,
1089 2968 1341 3022 divitibus
1383 2968 1673 3037 largiantur
1704 3009 1719 3033 ,

131 3043 266 3112 quod
291 3044 433 3099 bene
460 3041 559 3097 feci
589 3040 691 3095 huc
723 3055 908 3109 usque.
935 3039 1064 3092 Nam
1082 3038 1508 3112 consanguineos
1526 3038 1719 3112 habeo,

130 3106 182 3166 et
234 3114 448 3169 nobiles
507 3128 568 3168 se
619 3106 815 3182 dicere
854 3125 960 3164 non
994 3106 1354 3182 _crubcscunt
1389 3106 1598 3182 (b)._Ad
1638 3124 1723 3182 me

132 3185 446 3255 episcopum
479 3183 742 3255 veniunt,
762 3180 1043 3255 aliquando
1068 3195 1188 3255 cum
1209 3180 1407 3255 _minis,
1436 3179 1722 3255 aliquando

133 3249 248 3308 cum
279 3249 663 3309 blandimentis
693 3249 930 3307 dicentes
955 3270 968 3305 :
999 3251 1069 3303 Da
1099 3250 1252 3303 nobis
1291 3249 1507 3318 aliquid,
1533 3260 1719 3319 pater;

134 3339 255 3379 caro
277 3326 429 3382 enim
460 3335 549 3380 tua
575 3337 778 3378 sumus.
814 3322 879 3375 Et
910 3331 1086 3375 tamen
1120 3321 1211 3375 Dei
1234 3321 1421 3389 gratia,
1450 3329 1505 3373 et
1530 3322 1722 3375 vestris

135 3396 469 3453 orationibus
510 3390 1351 3459 niediantibus,consanguineum
1370 3390 1598 3459 aliquem
1638 3406 1723 3446 me

137 3464 331 3523 ditasse
354 3484 470 3523 non
495 3465 693 3522 recolo.
724 3463 1003 3519 Chariores
1037 3461 1176 3515 enim
1212 3460 1340 3516 mihi
1371 3470 1560 3530 reputo
1588 3476 1723 3529 pan-

138 3549 311 3604 peres,
344 3553 512 3607 quam
543 3536 734 3591 divites
769 3553 781 3589 :
814 3531 1221 3607 quiahabeutes
1251 3533 1443 3585 victum
1477 3541 1530 3607 et
1558 3532 1722 3585 vesti-

140 3602 263 3670 tum,
294 3602 487 3667 ﬁdeles
512 3621 696 3662 omnes
722 3605 957 3659 contenti
985 3617 1103 3658 esse
1127 3602 1340 3667 debent,
1374 3603 1603 3656 maxime
1626 3617 1724 3657 nos

138 3675 312 3756 clerici
348 3698 366 3756 :_
400 3680 456 3734 in
490 3679 641 3747 cujus
668 3677 749 3756 rei
772 3676 979 3756 signum
1010 3673 1363 3756 capitantonsa
1393 3681 1448 3726 et
1476 3687 1591 3727 rasa
1625 3673 1723 3726 ha-

140 3744 259 3803 bere
278 3743 569 3815 debemus,
599 3762 665 3803 ne
700 3743 1015 3815 divitiarum,
1042 3743 1218 3812 capilli
1264 3752 1525 3812 occupent
1576 3758 1727 3797 men-

142 3826 241 3874 tem
262 3814 686 3875 servorumDei.
714 3816 803 3873 Eia
824 3830 970 3884 ergo,
999 3814 1217 3878 fratres;
1251 3824 1419 3868 estote
1441 3828 1721 3881 pauperes,

144 3903 242 3944 non
259 3891 444 3946 solum
462 3888 753 3951 verbo,sed
783 3896 833 3940 et
858 3900 1017 3957 Opere
1045 3893 1097 3938 et
1122 3886 1358 3957 veritate,
1389 3886 1725 3957 attendentes

144 3960 455 4037 quid_nobis_
484 3960 624 4037 dicat
649 3959 739 4028 qui
767 3954 1004 4037 uestrum
1034 3970 1100 4037 se
1141 3954 1265 4037 fecit
1295 3955 1524 4037 pretium
1555 3955 1724 4037 inani

143 4025 332 4098 crucis,
364 4032 457 4101 qui
483 4032 639 4087 etiam
666 4025 851 4083 hoster
872 4034 957 4101 _est
982 4025 1269 4101 advocatus
1298 4025 1354 4101 in
1386 4025 1540 4101 caelo,
1574 4025 1726 4101 etin-

146 4093 405 4157 tcrctssor
446 4102 511 4155 ad
551 4101 819 4157 dexteram
869 4098 960 4153 Dei
992 4095 1183 4151 Patris.
1215 4095 1429 4149 Dicebat
1456 4095 1596 4149 enim
1638 4093 1728 4149 ille

147 4167 280 4226 Deus
323 4174 549 4229 deorum
600 4169 875 4238 discipulis
921 4169 1051 4233 suis,
1105 4166 1339 4237 quos-dc
1378 4174 1489 4238 toto
1530 4165 1728 4219 mundo

183 4244 509 4312 raeelegerat,
538 4251 595 4297 ut
618 4236 795 4297 essent
822 4239 909 4312 sal
932 4246 1106 4312 terrae,
1128 4236 1231 4291 lux
1258 4236 1458 4300 mundi,
1481 4244 1729 4312 rectores

166 4306 395 4369 Ecclesiae
436 4306 728 4373 militantis,
776 4309 1012 4373 magistri
1048 4317 1100 4362 et
1146 4316 1419 4363 senatores
1478 4306 1728 4360 Ecclesia:

152 4382 538 4454 triumphantis.
569 4384 655 4439 Ait
681 4382 844 4454 enim,
867 4375 1014 4454 Beati
1039 4394 1281 4454 pauperes
1306 4378 1486 4454 spiritu
1515 4375 1724 4454 (Matth.

150 4465 199 4514 ν,
228 4453 281 4523 ὅ)
306 4447 331 4509 ἐ
368 4472 508 4519 non,
548 4454 692 4510 Beati
738 4453 828 4522 qui
875 4451 1004 4505 dura
1040 4447 1151 4503 sub
1190 4447 1730 4523 grandi_uecess_itat_e

150 4517 435 4590 patiuntur.
464 4517 617 4580 Tales
646 4517 786 4578 enim
829 4529 1160 4577 murmurant
1180 4517 1213 4580 ,ἡ
1232 4517 1570 4590 detrahunt,
1596 4518 1731 4571 invi-

151 4588 271 4649 dent
298 4596 637 4660 habentibus,
678 4595 888 4664 rapiunt
934 4599 988 4646 ct
1034 4590 1276 4664 furantur
1322 4604 1334 4642 :
1382 4589 1473 4643 sed
1530 4588 1572 4641 sl
1605 4602 1729 4664 _non

153 4676 327 4733 opere,
346 4669 537 4723 saltem
557 4659 825 4721 voluntate
848 4662 960 4716 lucc
985 4660 1275 4733 adimplere
1301 4669 1579 4714 conantur.
1605 4659 1729 4713 Ideo

156 4734 278 4807 tales
297 4732 483 4792 beatos
508 4754 614 4791 non
640 4732 1157 4807 appellat‘Salvator,
1174 4732 1416 4807 quianon
1446 4744 1726 4807 pauperes,

154 4805 240 4859 sed
284 4809 463 4865 miseri
509 4816 631 4863 sunt
670 4802 910 4876 putandi.
950 4802 1161 4871 Quare?
1205 4802 1334 4876 Quia
1374 4802 1443 4876 de
1473 4802 1729 4876 angustiis

156 4880 525 4947 temporalibus
569 4872 891 4947 educti,iad
918 4883 1151 4947 auct-nas
1206 4873 1448 4947 miserias
1489 4872 1729 4940 deputati

156 4942 305 5002 sunt:
330 4950 419 5005 tibi
450 4964 551 5004 non
581 4948 752 5003 solum
792 4945 1169 5001 beatitudinem
1215 4942 1410 4997 habere
1440 4958 1541 4995 non
1577 4952 1727 5011 pote-

156 5028 291 5085 runt,
318 5021 412 5077 sed
441 5036 538 5075 nec
564 5027 764 5090 guttam
792 5032 941 5087 aquae
964 5015 1252 5090 invenient.
1277 5013 1418 5090 Beati
1439 5028 1728 5090 ergo__pa_u-

159 5083 289 5152 pares
316 5092 516 5160 spiritu,
544 5083 635 5145 scd
667 5106 771 5144 non
800 5083 1163 5160 paupertatem
1210 5084 1542 5160 simulantes.
1572 5083 1728 5160 'l'ales

160 5168 274 5232 _suut
301 5154 609 5232 hypocrita),
639 5154 1002 5230 paupertatem
1032 5155 1193 5209 aforis
1216 5154 1584 5232 prmdicantes,
1612 5154 1729 5232 nul-

160 5225 256 5283 lam
295 5224 468 5289 tamen
518 5224 887 5287 necessitatem
932 5238 1141 5297 portare
1183 5226 1438 5281 volentes.
1463 5224 1643 5297 _Tales
1675 5226 1727 5277 in

161 5304 352 5359 cunctis
379 5303 629 5373 operibus
658 5302 771 5358 suis
820 5295 1035 5369 Sperant
1079 5298 1429 5352 reverentiam
1462 5295 1677 5349 honoris
1711 5336 1726 5357 .

215 5436 281 5504 _(a)
312 5446 363 5491 Et
383 5440 499 5490 illttd
522 5438 692 5490 falsum
715 5438 943 5504 observat
960 5442 1134 5504 _t.upus,
1160 5447 1270 5504 cum
1294 5431 1583 5504 Augustinus
1604 5430 1731 5480 dicat

166 5498 345 5565 trimam
366 5517 475 5553 cum
496 5504 779 5565 Hieronymo
800 5498 1063 5565 amicitiam
1095 5498 1223 5565 nasci
1258 5498 1462 5565 anpisse
1509 5503 1729 5565 tempore

162 5559 226 5607 Sili
248 5566 623 5628 presbyteratus,
650 5557 798 5625 idque
844 5572 993 5621 opera
1018 5557 1165 5621 Alypii
1205 5558 1255 5606 in
1277 5564 1472 5604 Terram
1514 5562 1727 5605 Sanctam

162 5628 513 5687 peregrinantis.

217 5678 297 5746 (vi
312 5692 615 5751 Augustinus,
636 5700 784 5736 serm.
802 5683 913 5741 3256,
940 5697 987 5731 ιι.
1021 5682 1092 5741 15,
1127 5682 1320 5751 dicitse
1345 5692 1439 5751 non
1465 5679 1527 5727 de
1552 5678 1727 5751 nobili-

164 5740 351 5822 tgps'scd
376 5740 406 5797 ἶ
426 5753 489 5800 de
516 5740 809 5822 pauperibus
828 5740 988 5816 natum
1004 5759 1058 5822 λ»
1080 5742 1231 5822 ειμι).
1302 5741 1653 5812 Confess.,cap-
1677 5741 1725 5799 5,

160 5802 290 5858 (ίιίυῶ
320 5830 340 5857 ε
354 5802 957 5875 tuunicipis"l‘hagasteusis
979 5802 1231 5856 admodum
1255 5804 1431 5854 tenuis.
1450 5820 1473 5847 ι

1823 576 2189 645 paupertatem
2218 578 2271 623 et
2300 569 2673 624 abstinentiam
2692 572 2995 645 praedicant,
3016 574 3105 628 sed
3130 577 3291 645 digito
3310 594 3407 631 suo

1822 640 2194 716 noncogitant
2242 656 2301 691 ea
2350 656 2561 716 movere
2608 656 2887 716 :_corpora
2935 642 3096 697 aforis
3144 640 3408 716 déspectis

1825 709 2060 764 vestibus
2089 719 2290 779 tegunt,
2322 712 2413 764 sed
2444 713 2583 765 intus
2602 711 2665 765 ad
2681 726 2892 765 carnem
2919 730 3144 781 purpura
3179 709 3409 771 induun~

1806 788 1911 854 tur
1937 799 1952 835 :
1981 781 2030 833 in
2054 783 2231 854 cinere
2263 782 2550 854 praedicant
2574 798 2632 835 se
2657 782 2837 850 jacere
2857 823 2871 847 ,
2906 784 2999 837 sed
3026 785 3235 839 excelsa
3264 788 3407 854 pata-

1823 851 1895 905 tia
1942 867 2047 905 non
2088 852 2383 921 despiciunt
2420 871 2433 905 :
2474 854 2766 919 angelicam
2812 854 2999 908 faciem
3031 854 3194 909 aforis
3223 851 3407 910 osten-

1822 921 1973 988 dunt,
2002 921 2095 975 sed
2135 922 2364 991 lupinam
2405 938 2499 978 eos
2542 924 2680 977 intus
2710 923 2909 979 habere
2948 942 3051 978 non
3084 925 3410 982 dubitamus.

1824 991 1981 1047 Tales
2028 992 2242 1047 fuerunt
2282 995 2357 1047 illi
2397 994 2705 1056 Sarahaitaa,
2739 996 2805 1048 de
2830 995 3022 1063 quibus
3064 998 3220 1050 tertio
3253 998 3407 1051 nobis

1823 1063 2035 1135 scripsit
2065 1073 2220 1135 pater
2254 1064 2640 1135 Hieronymus,
2684 1080 2909 1134 quorum
2955 1081 3120 1133 genus
3150 1080 3229 1120 est
3262 1069 3411 1123 oumi

1823 1132 2016 1207 all‘ectu
2046 1133 2336 1207 vitandum.
2385 1132 2755 1207 ipsidenique
2798 1136 2849 1189 in
2894 1132 3128 1207 Egypto
3156 1148 3325 1199 erant,
3357 1139 3413 1193 in

1829 1203 2181 1258 foraminibus
2207 1214 2472 1271 petrarum
2502 1203 2799 1260 habitantes
2822 1248 2838 1269 ,
2890 1203 3079 1271 indulti
3129 1223 3410 1275 porcorum

1824 1284 1877 1328 et
1906 1276 2063 1329 boum
2091 1276 2311 1342 pellibus
2342 1285 2565 1341 tantum,
2606 1276 2764 1331 cincti
2815 1276 3024 1331 funibus
3074 1278 3366 1345 palmarum
3396 1322 3410 1345 ,

1824 1345 2005 1418 spinas
2034 1345 2099 1399 ad
2144 1347 2389 1400 calcanea
2436 1356 2707 1413 portantes
2753 1347 2819 1402 ad
2862 1348 3132 1418 cingulum
3178 1348 3364 1415 ligatas
3394 1392 3409 1415 ,

1824 1416 2148 1477 discalceati,
2180 1427 2230 1471 et
2260 1418 2518 1482 sanguine
2557 1419 2816 1471 cruentati
2848 1416 3101 1472 cavernas
3131 1428 3405 1481 exeuntes,

1824 1486 1891 1539 ad
1939 1485 2133 1540 festum
2181 1488 2512 1556 scouopegiae
2560 1488 2847 1558 pergebant
2893 1487 3303 1559 Jerosolymam,
3360 1500 3415 1544 et

1824 1566 2005 1639 sancta
2028 1567 2332 1639 sanctorum
2358 1559 2638 1621 intrantes,
2669 1567 3033 1639 pziupcrtatem
3062 1571 3112 1612 et
3138 1561 3413 1639 abstinen-

1824 1627 1952 1681 tiam
1982 1627 2339 1697 pnedictbant
2368 1644 2489 1682 cum
2538 1627 2682 1681 omni
2727 1630 2915 1683 all‘ectu
2956 1645 3193 1695 servare,
3221 1631 3414 1684 barbas

1824 1699 2163 1770 postmodum
2193 1698 2245 1770 in
2279 1708 2565 1770 conspectu
2596 1698 2870 1754 hominum
2902 1701 3016 1754 sine
3046 1701 3415 1769 redemptione

1825 1768 2055 1826 evellere
2082 1768 2437 1835 festinabant;
2460 1780 2513 1823 et
2540 1770 2617 1824 sic
2645 1772 2902 1840 acquisita
2937 1772 3072 1825 lanna
3095 1781 3147 1825 ct
3176 1768 3324 1825 lucro
3345 1772 3412 1826 ad

1824 1844 2039 1912 propria
2067 1842 2396 1909 remeabant,
2444 1840 2684 1894 solitario
2733 1842 3025 1911 gaudentes
3054 1850 3105 1912 et
3135 1844 3413 1911 epulantes

1826 1911 1985 1980 supra
2016 1912 2065 1965 id
2094 1913 2232 1981 quod
2261 1915 2530 1981 explicare
2574 1926 2876 1984 possumus.
2912 1912 3038 1984 llos,
3068 1911 3257 1967 fratres
3297 1914 3411 1984 ιιιυί

1826 1991 1879 2053 et
1932 1983 2077 2036 filioli
2131 1984 2276 2045 mei,
2330 1999 2464 2053 quos
2493 1981 2728 2053 qubtidie
2758 1983 2992 2053 partui-io
3026 1982 3079 2036 in
3121 1983 3412 2037 visceribus

1826 2052 2121 2114 charitatis,
2155 2053 2335 2116 nolite,
2350 2052 2611 2118 iobseero,
2640 2053 2863 2118 imitari;
2897 2053 3018 2123 quia
3050 2068 3152 2105 non
3178 2054 3361 2106 beatos
3394 2092 3411 2116 ,

1827 2123 1922 2177 sed
1950 2123 2229 2177 damnatos
2250 2124 2358 2192 jam
2386 2139 2482 2178 eos
2505 2138 2624 2179 esse
2649 2124 3226 2195 ρτιιξιίἱοειιιιυε.Αιιι;ιιρ
3258 2123 3417 2195 igitur

1827 2204 2212 2264 paupertatem,
2240 2203 2415 2249 amate
2439 2210 2555 2249 eam
2587 2192 2733 2250 omni
2760 2194 2970 2258 affectu,
2998 2205 3052 2249 et
3082 2192 3244 2250 nolite
3283 2193 3419 2246 deli-

1828 2280 1978 2329 cere;
2015 2274 2069 2317 ut
2120 2266 2234 2318 sitis
2283 2280 2450 2332 genus
2495 2267 2756 2333 electum,
2812 2284 2916 2319 non
2960 2266 3253 2334 ahjectum;
3285 2279 3417 2335 gens

1828 2346 2032 2398 sancta,
2068 2350 2171 2388 non
2200 2335 2499 2400 obstinata;
2529 2338 2752 2404 populus
2781 2338 3165 2405 acquisitionis,
3192 2338 3286 2391 scd
3307 2352 3416 2390 non

1868 2406 2170 2466 erditionis;
2202 2405 2380 2475 regale
2407 2407 2786 2472 sacerdotium,
2813 2424 2920 2460 non
2947 2407 3132 2460 venale
3166 2408 3419 2472 pretium.

1879 2494 1938 2529 os
1967 2476 2095 2530 estis
2121 2476 2207 2529 illa
2234 2476 2521 2544 apostolica
2550 2476 2716 2529 forma
2749 2486 3035 2546 sanctaque
3051 2478 3415 2545 congregatio,

1828 2560 1861 2599 a
1892 2547 2087 2600 mundo
2124 2546 2283 2599 corde
2315 2554 2367 2599 et
2397 2561 2559 2615 opere
2602 2549 2900 2616 segregati,
2947 2548 3036 2616 qui
3084 2548 3173 2599 Dei
3216 2550 3417 2601 virtute

1824 2618 1933 2689 jam
1961 2618 2292 2689 percussistis
2321 2617 2483 2669 duces
2510 2616 2680 2689 Moab,
2710 2630 2949 2685 satrapas
2977 2628 3029 2670 et
3056 2626 3306 2689 tyrannos
3325 2617 3418 2671 Je-

1830 2687 2058 2743 rusalem
2084 2697 2139 2742 et
2175 2687 2542 2757 Egyptiorum
2590 2688 2894 2758 hypocritas
2941 2689 3047 2756 jam
3098 2688 3417 2742 vulnerastis

1828 2759 1895 2812 ad
1922 2768 2165 2813 mortem.
2202 2759 2306 2812 Vos
2333 2759 2461 2811 estis
2488 2761 2639 2811 vinea
2661 2774 2778 2813 mea
2805 2759 2974 2813 electa
2996 2800 3011 2821 ,
3039 2758 3091 2811 in
3119 2758 3293 2811 medio
3318 2759 3417 2812 Ec-

1828 2829 2007 2885 clesiae
2036 2828 2260 2898 paradisi
2310 2828 2562 2896 plantata,
2594 2828 2789 2883 Christi
2838 2829 3092 2897 sanguine
3142 2828 3415 2898 redempta

1828 2909 1882 2955 et
1909 2899 2141 2969 irrigant.
2174 2898 2253 2953 Ad
2286 2898 2420 2952 hanc
2452 2900 2656 2953 vineam
2684 2915 2783 2967 ego
2808 2901 2951 2953 solus
2983 2899 3073 2953 Dei
3106 2903 3297 2952 virtute
3322 2915 3416 2955 vos

1829 2970 2167 3041 congregavi,
2198 2979 2251 3024 et
2279 2971 2552 3037 operarios
2573 2985 2723 3023 meos
2740 2986 2837 3041 Vos
2866 2970 2993 3034 feci;
3029 2979 3083 3023 ut
3110 2970 3415 3041 laborantes

1826 3042 1882 3095 in
1921 3040 1985 3095 ca
2039 3056 2203 3111 usque
2248 3041 2315 3095 ad
2356 3042 2537 3107 tinem,
2568 3041 2785 3110 dignum
2814 3040 3040 3095 fructum
3071 3040 3335 3111 recipiatis
3363 3041 3418 3095 in

1829 3121 2070 3179 tempore
2097 3110 2214 3165 suo.
2248 3111 2329 3165 Ad
2357 3113 2490 3165 hanc
2518 3112 2722 3165 vineam
2748 3127 2847 3182 ego
2876 3126 2967 3167 vos
2995 3112 3151 3179 elegi,
3185 3112 3247 3163 ad
3278 3110 3417 3165 hanc

1826 3182 1924 3237 Dei
1949 3182 2312 3237 litereditatem
2340 3196 2433 3235 vos
2460 3183 2772 3249 convocavi,
2803 3184 2924 3235 licet
2950 3182 3216 3235 favoratus
3240 3198 3266 3234 a
3292 3196 3415 3236 san-

1828 3264 1916 3307 cto
1959 3254 2208 3323 episcopo
2255 3252 2465 3307 Valerio
2495 3294 2508 3313 ,
2562 3254 2648 3322 qui
2694 3252 2762 3307 de
2792 3252 2945 3306 bonis
2974 3253 3343 3323 episcopatus,
3361 3264 3420 3308 ut

1830 3322 2212 3380 monasterium
2252 3324 2304 3376 in
2345 3338 2528 3377 eremo
2572 3323 2892 3377 :editiearem
2914 3363 2928 3385 ,
2961 3322 3090 3377 mihi
3121 3324 3287 3377 multa
3317 3322 3418 3376 do-

1830 3397 1995 3449 navit.
2029 3394 2142 3448 Non
2171 3394 2312 3448 enim
2340 3395 2467 3447 satis
2510 3394 2607 3448 fuit
2651 3395 3022 3462 patrimonium
3075 3410 3249 3447 meum
3284 3410 3416 3448 ven-

1828 3464 1957 3521 dere
1982 3463 2087 3537 (a),
2134 3466 2232 3519 nisi
2263 3466 2420 3518 etiam
2463 3465 2578 3535 ipse
2622 3481 2708 3519 me
2747 3464 3136 3537 eoadjuvasset.
3174 3463 3248 3517 Ad
3284 3464 3421 3537 hanc

1832 3534 2001 3605 igitur
2018 3534 2604 3606 Congregationemego
2631 3551 2726 3591 vos
2754 3536 2909 3604 elegi.
2939 3534 3055 3589 Non
3082 3551 3175 3588 vos
3200 3551 3282 3588 me
3306 3535 3419 3590 ele-

1829 3608 2001 3675 gistis,
2030 3606 2125 3661 sed
2156 3623 2254 3677 ego
2279 3606 2414 3675 elegi
2444 3621 2561 3677 vos.
2593 3608 2655 3660 Et
2680 3621 2806 3661 ecce
2832 3614 3110 3675 postquam
3138 3606 3421 3677 episcopus

1832 3679 2001 3733 factus
2031 3693 2168 3740 sum,
2198 3676 2447 3742 ’Vitalem,
2497 3676 2795 3741 Nicolaum,
2846 3677 3213 3744 Stephanum,
3255 3676 3421 3730 Doro-

1834 3749 2013 3802 thcum
2034 3791 2048 3815 ,
2107 3748 2351 3810 Paulum,
2385 3747 2659 3811 Jacobmn,
2691 3747 2966 3818 Cyrillum,
2993 3746 3299 3814 frequenter
3329 3762 3418 3799 ro-

1831 3820 1970 3888 gavi,
2004 3828 2059 3872 ut
2083 3834 2167 3872 me
2184 3820 2354 3871 solum
2381 3818 2431 3869 in
2454 3817 2761 3885 episcopatu
2788 3834 2892 3871 non
2921 3817 3245 3888 dimitterent
3266 3833 3278 3868 :
3297 3818 3419 3885 quia

1834 3886 1959 3944 licet
1985 3891 2265 3958 episcopus
2298 3902 2470 3958 essent
2493 3927 2505 3947 ,
2533 3903 2637 3939 non
2668 3895 2846 3958 tamen
2881 3886 3163 3958 credebam
3192 3900 3421 3958 pauper-

1833 3968 1995 4013 tatem
2019 3950 2334 4025 despicere;
2379 3956 2473 4010 sed
2508 3971 2629 4010 cum
2666 3956 2965 4020 Abraham,
2995 3950 3143 4008 Isaac
3172 3950 3225 4007 et
3251 3950 3420 4009 Iacob

1836 4031 1973 4084 inter
2001 4028 2210 4087 divitias
2240 4028 2436 4091 vivere,
2476 4036 2530 4079 et
2572 4041 2752 4081 veram
2792 4033 3157 4095 paupertatem
3203 4038 3421 4079 servare

1835 4102 2103 4171 optabam,
2138 4097 2288 4171 ut_de
2316 4111 2552 4171 numero
2576 4111 2758 4171 eorum
2790 4111 2999 4157 essem,
3029 4096 3097 4150 de
3127 4094 3317 4171 quibus
3344 4096 3420 4150 ait

1836 4166 2147 4240 Apostolus.
2179 4167 2607 4240 Tanquantnihii
2653 4168 2926 4240 habentes,
2971 4177 3016 4220 ct
3073 4166 3241 4218 omnia
3292 4182 3415 4240 post

1835 4237 2052 4297 sidentes
2083 4240 2157 4311 (ll
2185 4237 2311 4294 Cor.
2335 4255 2404 4304 vi,
2439 4238 2552 4307 10).
2592 4238 2763 4311 Igitur
2782 4237 2878 4292 hos
2906 4238 3209 4311 frequenter
3237 4237 3421 4311 rogavi

1837 4322 1896 4367 ut
1913 4307 2173 4377 venirent,
2199 4326 2299 4363 non
2324 4318 2380 4363 ut
2398 4316 2577 4363 essent
2603 4307 2831 4363 rebelles
2850 4307 3157 4374 ercmo,sed
3176 4307 3423 4377 utsolita-

1836 4386 1915 4439 rie
1942 4383 2102 4437 etiam
2131 4376 2182 4436 in
2208 4381 2417 4435 civitate
2433 4380 2690 4443 viventes,
2710 4379 2949 4433 habitare
2967 4393 3239 4446 possemus
3266 4376 3316 4431 in
3335 4392 3422 4447 pa-

1837 4456 1964 4509 latio
2010 4462 2215 4508 sancto.
2264 4452 2368 4506 Sed
2398 4466 2521 4505 ecce
2552 4451 2834 4505 noluerunt
2865 4451 3048 4504 venire
3075 4458 3322 4516 tanquam
3354 4448 3423 4502 de

1837 4541 1897 4581 se
1929 4525 2056 4595 ipsis
2088 4526 2359 4587 timentes;
2394 4538 2458 4575 ne
2485 4537 2512 4574 a
2538 4523 2733 4595 saeculo
2770 4529 3105 4595 caperentur,
3137 4519 3423 4595 noluerunt

1837 4588 2037 4653 venire.
2088 4598 2261 4664 Quare
2305 4592 2620 4648 noluerunt?
2659 4592 2775 4647 Non
2818 4588 2939 4664 quia
2983 4606 3087 4645 non
3126 4589 3291 4664 digni,
3317 4588 3424 4664 sed

1838 4668 1961 4738 quia
1990 4659 2294 4738 nonvvsolum
2336 4679 2601 4738 pauperes
2637 4678 2758 4718 esse
2801 4659 3103 4738 vetuerunt,
3137 4659 3231 4738 sed
3259 4660 3423 4713 etiam

1838 4731 1997 4811 supra
2038 4738 2086 4792 id
2117 4737 2257 4811 quod
2284 4731 2591 4803 iii-Speculo
2621 4744 2818 4811 _nostro
2840 4731 3109 4811 edidimus
3133 4731 3425 4811 tacereve-

1840 4802 2071 4875 luérunt,
2097 4802 2361 4863 calcantes
2382 4802 2477 4875 per
2491 4805 2668 4859 omnia
2691 4804 2943 4859 saeculum
2960 4810 3014 4855 et
3041 4817 3261 4875 pompas
3284 4802 3424 4875 ejus.

1842 4880 1916 4935 De
1963 4872 2067 4949 quo
2111 4872 2641 4949 muneresummum
2697 4875 2944 4944 gaudium
2996 4889 3182 4949 omnes
3229 4872 3426 4949 habere

1838 4943 2094 5006 debemus
2118 4990 2130 5012 ,
2184 4950 2305 5018 quia
2344 4946 2518 5001 facere
2551 4943 2833 5018 voluerunt
2874 4960 2993 5014 qua:
3042 4944 3151 4998 Deo
3194 4953 3248 4998 et
3294 4943 3428 5018 mihi

1840 5014 2217 5091 promiserunt:
2247 5020 2311 5071 Et
2352 5018 2470 5091 quia
2512 5017 2659 5072 solus
2705 5025 2847 5071 stare
2902 5028 3277 5091 nonpoteram
3307 5014 3427 5091 cpi-_-

1838 5083 2031 5161 scopus
2061 5132 2075 5156 ,
2122 5090 2242 5144 ideo
2283 5083 2463 5155 rogavi
2508 5097 2751 5161 sanetum
2777 5103 2966 5161 senem
3001 5086 3288 5161 Valerium,
3336 5083 3427 5150 qui

1839 5155 1965 5234 milii
2001 5163 2110 5232 jam
2140 5168 2469 5234 potestatem
2488 5158 2811 5234 praedicandi
2849 5161 2899 5213 in
2941 5155 3379 5234 populodedcrat

1840 5243 1897 5286 ut
1945 5228 2078 5286 inira
2120 5232 2336 5285 domum
2388 5229 2623 5299 episc0pi
2675 5228 3423 5299 monasteriumclericorum

1838 5305 2217 5357 constituerent
2253 5301 2350 5375 (ὑ).
2403 5291 2469 5355 Et
2517 5291 2719 5375 placuit
2763 5311 2947 5375 sancto
2995 5297 3259 5375 Episcopo
3289 5291 3424 5344 mihi

1838 5371 2271 5429 condescendere
2296 5371 2314 5426 ἐ
2340 5381 2393 5427 et
2418 5375 2494 5427 sic
2522 5388 2644 5427 eum
2676 5373 2875 5427 eisdem
2907 5371 2960 5422 in
2999 5371 3143 5419 omm
3194 5378 3425 5432 pauper-

1901 5550 1973 5611 (α)
2006 5550 2340 5599 Patrimonium
2364 5547 2656 5609 Augustinus
2677 5538 3103 5611 ιιοιι-ιιιοιιθεψιςίρ3
3127 5536 3220 5609 sed
3242 5548 3427 5611 pange.

1836 5598 1973 5692 ritips
1997 5598 2231 5674 erOgavit,
2257 5618 2309 5660 ut
2329 5598 2462 5673 ρίιιεῖ
2484 5621 2546 5657 ex
2569 5618 2714 5655 serm.
2735 5603 2843 5662 553,
2870 5616 2918 5649 ιι.
2942 5600 2987 5649 Ξ.
3017 5600 3115 5647 Viti.
3145 5600 3287 5661 epist.
3312 5598 3420 5660 126,

1838 5690 1885 5724 Π,
1901 5694 1970 5798 (λ’)
1999 5742 2152 5795 Lupus
2174 5735 2239 5783 ait
2270 5752 2290 5777 (ι
2316 5744 2424 5798 esse
2443 5727 2695 5797 admodum
2721 5724 2967 5798 probabile
2985 5723 3112 5795 quod
3136 5724 3426 5798 clericorum

1837 5792 2185 5849 inuitasterium
2209 5793 2497 5856 Augustinus
2521 5804 2616 5841 uou
2652 5792 2917 5838 instituerit
2954 5792 3043 5839 nisi
3077 5793 3186 5851 post
3218 5792 3424 5837 mortem
