3934 6258
547 267 570 322 1
581 264 685 322 279

548 379 791 434 civitates
816 378 1010 435 multas
1037 376 1328 435 destruxit!
1348 376 1430 448 Et
1449 373 1574 448 quia
1602 375 1804 448 grande
1834 374 2128 448 periculum

546 459 650 518 est,
698 450 839 505 inter
879 459 1298 505 murmuratores
1342 446 1623 513 habitare:
1663 447 1782 503 ideo
1829 446 2129 518 expeilcudi

547 516 671 575 sunt
706 522 856 585 tales,
899 536 967 576 ne
1010 521 1189 575 caateri
1214 527 1750 588 corrumpanturiper
1784 516 1911 572 eos.
1950 516 2130 588 Tertia

544 593 688 662 enim
720 591 896 662 lingua
919 592 1085 647 multa
1111 590 1249 646 mala
1267 589 1550 645 committit
1583 587 1748 662 (Ei-cli
1773 587 2086 662 x_xvm,_l(i)
2113 603 2128 644 :

546 661 667 716 ideo
696 662 742 717 si
771 657 938 718 sémcl
962 662 1194 732 correpti
1218 676 1325 715 non
1365 675 1426 732 se
1471 657 1874 732 emendaverint
1897 700 1911 723 ,
1943 657 2131 732 deje-

547 740 677 803 stra_
701 741 885 787 sancta
924 742 979 788 et
1015 727 1269 803 singulari
1317 731 1574 803 societate
1618 728 1971 803 expelluntur.
2023 727 2132 803 Nee

548 801 764 861 Crudele
795 803 896 858 hoc
921 817 1044 859 esse
1069 799 1317 865 credatis,
1345 815 1446 856 nec
1474 800 1547 855 illi
1568 800 1655 870 qui
1678 799 1887 869 expulsi
1913 807 2038 854 sunt
2061 799 2128 854 ad

551 881 757 943 tempus
775 916 790 938 ,
839 874 908 929 de
955 875 1052 929 hac
1079 873 1390 943 expulsioue
1418 870 1859 943 doleredebent;
1887 870 1978 925 sed
2008 884 2130 926 cum

549 941 697 1013 omni
735 944 1033 998 humilitate
1071 941 1190 999 eam
1234 943 1559 1013 suscipiant,
1590 941 1834 1013 dolentes
1865 950 2039 1013 tamen
2076 951 2132 996 et

546 1012 759 1085 flentes,
787 1014 928 1085 quod
957 1013 1189 1069 nondum
1211 1011 2129 1085 intellexeruntApostolumdicen-

546 1092 679 1155 tem,
716 1083 779 1139 Si
805 1083 918 1155 quis
949 1101 1002 1139 se
1036 1094 1179 1154 putat
1223 1084 1513 1154 religiosum
1544 1098 1701 1155 esse,
1725 1099 1827 1155 non
1855 1083 2120 1155 refrenaits

547 1152 774 1226 (ingnam
811 1150 957 1209 suam
976 1196 991 1220 ,
1022 1150 1175 1226 hujus
1201 1150 1334 1209 vand
1364 1164 1438 1226 est
1477 1153 1653 1224 religio
1684 1150 1941 1226 (laeobi't
1962 1150 2127 1226 ,ἓως

548 1222 736 1278 Melius
765 1234 846 1280 est
870 1226 1011 1281 enim
1041 1222 1510 1295 a'congregatione
1556 1222 1808 1293 prtesenti
1845 1223 2038 1295 expelli
2064 1222 2131 1278 ad

551 1304 762 1378 tempus
780 1336 795 1360 ,
826 1310 985 1378 quam
1017 1310 1047 1350 a
1072 1293 1278 1378 caelesti
1306 1293 1489 1378 ‘regne
1512 1303 1789 1378 perpetuo.
1831 1294 1921 1378 Sie
1942 1293 2083 1348 enim
2108 1334 2125 1360 ,

545 1372 605 1436 ut
629 1363 787 1436 supra
808 1363 1059 1433 diximus,
1082 1367 1335 1436 expulsus
1354 1363 1437 1421 est
1454 1363 1620 1419 Adam
1645 1363 1992 1436 deparadiso,
2023 1377 2129 1419 non

545 1435 614 1488 ad
643 1435 1061 1502 damnationem,
1086 1435 1179 1492 sed
1196 1437 1261 1491 ad
1275 1436 1679 1490 correctionem.
1703 1435 1989 1490 Correctus
2000 1449 2128 1489 vero

546 1514 602 1577 et
627 1507 944 1562 emendatus
995 1507 1155 1562 frater
1191 1509 1279 1577 qui
1312 1505 1649 1577 peccaverit,
1688 1514 1744 1560 et
1768 1506 1857 1575 qui
1891 1504 2131 1577 proximo

549 1576 867 1644 detraxerit,
896 1578 1016 1634 volo
1046 1586 1105 1633 ut
1144 1575 1281 1633 inter
1306 1575 1401 1632 vos
1429 1576 1660 1631 fraterne
1685 1576 1992 1645 recipiatur.
2023 1575 2131 1630 Ille-

546 1647 650 1729 lius
673 1648 946 1729 enimest,
976 1657 1034 1729 ιιι
1057 1648 1439 1729 redarguamur
1462 1646 1938 1729 de‘misericordia,
1966 1660 2127 1729 quam

548 1717 618 1772 de
642 1715 973 1784 crudelitate,
1000 1721 1053 1774 in
1083 1720 1171 1774 die
1191 1715 1503 1774 novissimo.
1532 1716 1666 1771 Nam
1689 1717 1832 1787 pium
1854 1715 2128 1770 hominem

587 1789 760 1844 uando
790 1791 1009 1858 periisse
1039 1790 1282 1860 legimus,
1308 1790 1495 1859 ignoro
1523 1805 1535 1841 :
1565 1787 1659 1842 sed
1692 1787 1910 1857 impium
1932 1794 1986 1841 et
2009 1801 2131 1845 cru-

547 1803 722 1914 delem
765 1859 1069 1914 frequenter
1096 1861 1317 1914 periisse
1358 1858 1537 1914 audio.
1567 1858 1731 1914 luitur
1756 1899 1769 1914 .
1800 1856 1995 1911 fratres
2025 1858 2130 1912 mei

587 1859 722 1914 elem
765 1856 1069 1930 frequenter
1094 1856 1537 1930 periisse'audio.
1567 1858 1731 1927 lgitur
1756 1856 1779 1923 ,’
1800 1856 1995 1930 fratres
2025 1858 2130 1930 mei

547 1940 603 1984 et
632 1931 812 1984 laztitia
842 1927 1019 1986 cordis
1049 1927 1155 1986 mei
1175 1972 1190 1996 ,
1215 1931 1439 1986 obsecro
1475 1937 1535 1982 ut
1560 1943 1665 1982 non
1711 1927 1961 1997 peccetis,
1995 1936 2052 1981 ut
2073 1928 2129 1982 in

548 1999 636 2054 die
666 2002 957 2055 novissimo
991 2016 1091 2057 nec
1114 2000 1360 2056 crudeles
1383 2041 1400 2067 ,
1442 2013 1544 2054 nec
1577 1998 1736 2053 nimis
1756 1997 2130 2067 misericordes
2170 2046 2179 2051 -

548 2068 772 2141 inveniri
811 2071 1047 2140 possitis.
1089 2072 1347 2141 Deponite
1386 2066 1697 2141 murmura,
1739 2067 1968 2123 claudite
1993 2066 2130 2141 infra

548 2139 739 2212 dentes
785 2137 1013 2211 linguam
1035 2183 1049 2207 ,
1077 2137 1259 2212 ponite
1300 2138 1593 2212 custodiam
1621 2140 1702 2194 ori
1727 2147 1926 2212 vestro,
1967 2137 2132 2212 et_si-

550 2208 685 2275 lete;
714 2225 820 2265 non
840 2208 1014 2266 solum
1039 2208 1274 2277 a'tnalis,
1300 2210 1396 2266 sed
1421 2210 1581 2265 etiam
1610 2209 1930 2280 quandoque
1968 2222 1999 2280 ιι
2029 2208 2128 2263 bo-

549 2281 634 2334 nis
658 2280 836 2346 silere,
880 2282 1142 2337 laudabile
1174 2290 1275 2338 est.
1308 2281 1396 2336 Ait
1430 2281 1570 2335 enim
1601 2277 1817 2335 sanctus
1844 2277 2124 2348 propheta,

550 2350 688 2424 silui
716 2368 749 2405 a
789 2352 932 2424 bonis
959 2351 1141 2424 (Psal.
1173 2367 1396 2424 xxxviii,
1442 2349 1529 2423 ὅ).
1561 2350 1692 2424 Nam
1726 2365 1889 2405 omne
1929 2349 2129 2424 bonum

548 2420 742 2547 ubique
793 2419 1032 2491 proferre
1073 2438 1179 2506 non
1222 2419 1533 2504 debemus:
1566 2419 1676 2504 sed_
1704 2429 1915 2504 tempus
1957 2421 2132 2490 profe-

548 2507 640 2547 ren
685 2508 700 2546 ι
739 2506 1090 2547 agnoscamus
1114 2510 1165 2547 ιιι
1196 2502 1420 2547 cunctis.
1449 2486 1634 2547 Estote
1663 2500 1856 2547 untur.
1899 2489 2125 2547 fratres.

546 2486 700 2547 rendi
739 2486 1090 2562 agnoscamus
1114 2495 1165 2548 in
1196 2494 1420 2549 cunctis.
1449 2486 1634 2547 Estote
1663 2486 1856 2562 igitur',
1899 2486 2125 2562 fratres,

545 2577 654 2616 non
691 2560 938 2632 loquaces
959 2605 974 2630 ,
1009 2564 1103 2620 sed
1128 2577 1365 2620 veraces.
1393 2562 1607 2618 Calcate
1657 2560 2125 2632 murmurationes,

547 2643 601 2687 et
632 2630 792 2704 fugite
815 2649 906 2689 eas
932 2645 991 2690 ut
1016 2644 1263 2691 mortem.
1281 2633 1413 2689 Nam
1437 2648 1790 2704 murmurare,
1818 2630 2123 2700 detrahere,

545 2704 629 2776 vel
656 2704 952 2776 despicere,
982 2705 1396 2776 hypocritarum
1410 2703 1646 2776 conditio
1666 2711 1718 2758 et
1739 2703 2121 2776 ignorantium.

544 2772 875 2847 Murmurare
891 2772 1123 2847 denique
1154 2784 1209 2831 et
1231 2775 1514 2847 detrahere
1534 2772 1809 2847 hypocrita
1830 2789 1937 2828 non
1963 2774 2127 2847 satia-

546 2854 651 2912 tur,
681 2845 748 2901 de
793 2843 1049 2902 omnibus
1080 2846 1407 2903 maledicens
1450 2854 1508 2899 ut
1552 2843 1666 2915 ipse
1697 2843 1843 2899 solus
1868 2860 1899 2898 a
1923 2843 2128 2915 cunctis

541 2915 862 2985 praedicetur
905 2918 1114 2974 beatus.
1154 2917 1343 2973 Omnia
1381 2914 1606 2987 iudicat,
1656 2924 1715 2970 ut
1742 2929 1900 2987 nemo
1945 2914 2129 2987 sitqui

546 3001 670 3040 eum
696 2987 889 3042 audeat
907 2987 1168 3057 judicare.
1191 2984 1647 3057 Omniaidespicit,
1674 2993 1730 3040 ut
1747 2986 1861 3057 ipse
1886 2986 2033 3041 solus
2057 2984 2130 3057 sit

528 3058 636 3127 qui
664 3057 731 3112 ab
759 3054 1006 3114 omnibus
1044 3059 1351 3129 aSpiciatur.
1379 3056 1424 3129 _0
1458 3054 1734 3129 hypocrita
1758 3054 1781 3123 ζ
1804 3071 2037 3129 οιινοιιο
2059 3054 2127 3129 ad

542 3124 786 3183 mensam
812 3144 989 3201 meam
1019 3124 1317 3201 pervenias.
1348 3127 1481 3183 Nam
1498 3124 1578 3201 ibi
1604 3136 1896 3201 antequam
1919 3124 2124 3201 aliquid

540 3213 754 3265 sumas,
811 3200 969 3256 lectio
1016 3196 1135 3256 inea
1185 3201 1279 3257 tibi
1326 3201 1519 3271 primo
1546 3196 1771 3271 legetur.
1802 3196 1938 3271 Quid
1984 3197 2128 3271 enim

541 3270 717 3393 Brimo
740 3272 795 3325 in
824 3280 1006 3328 mensa
1030 3287 1147 3327 mea
1175 3268 1627 3341 descripsi‘lQuid
1657 3269 1829 3339 primo
1859 3269 1914 3322 in
1941 3282 2003 3322 ea
2032 3270 2129 3321 ha-

582 3355 673 3393 ere
709 3342 794 3393 vel
836 3343 1022 3393 audire
1049 3342 1334 3393 desidero?
1377 3339 1515 3393 Ouid
1544 3340 1715 3393 nrimo
1740 3340 1794 3393 iu
1826 3354 1888 3393 ea
1910 3352 2128 3393 servare

582 3355 673 3396 ere
709 3342 794 3395 vel
836 3343 1022 3398 audire
1049 3342 1334 3398 desidero?
1357 3339 1515 3410 Quid
1542 3340 1715 3411 primo
1740 3340 1794 3395 iu
1826 3354 1888 3396 ea
1910 3352 2128 3396 servare

543 3411 818 3480 prmeipio,
844 3414 946 3467 nisi
974 3413 1138 3483 quod,

635 3524 865 3585 Quisquis
885 3532 1014 3575 amat
1034 3523 1177 3575 dictis
1197 3524 1454 3575 absentum
1473 3523 1654 3572 rodere
1676 3522 1869 3585 famam,

655 3597 659 3601 ·
697 3583 825 3634 Hanc
845 3597 1063 3636 mensam
1084 3586 1329 3649 indignam
1351 3585 1545 3635 noverit
1565 3596 1678 3634 esse
1699 3585 1792 3634 sibi
1816 3583 1889 3648 (a)
1902 3583 1927 3633 ?

541 3687 878 3760 Quapropter
900 3730 914 3753 ,
945 3688 1171 3756 fratres,
1218 3689 1263 3744 si
1301 3689 1420 3760 quis
1458 3704 1791 3745 murmurare
1833 3686 2123 3752 desiderat,

542 3774 647 3813 non
676 3759 847 3814 solum
870 3759 935 3814 ad
968 3769 1201 3815 nostram
1231 3761 1248 3792 ¹
1271 3759 1736 3831 congregationem
1752 3802 1772 3831 7,
1809 3760 1903 3815 sed
1936 3775 2035 3831 nec
2059 3760 2127 3816 ad

540 3845 782 3885 mensam
813 3841 1048 3886 nostram
1075 3830 1333 3887 accedere
1381 3830 1688 3903 praesumat.
1716 3830 1829 3903 Non
1868 3830 2011 3903 enim
2059 3831 2126 3903 ad

542 3915 782 3955 eremum
812 3903 1076 3967 venimus,
1105 3910 1165 3957 ut
1184 3900 1607 3968 murmuremus;
1641 3901 1733 3958 sed
1761 3910 1819 3956 ut
1844 3900 2127 3958 mundanis

542 3971 790 4044 omnibus
831 3972 1191 4044 conculcatis,
1218 3974 1275 4044 in
1302 3988 1491 4044 eremo
1512 3973 1631 4044 pie,
1681 3981 1862 4029 sancte
1904 3981 1958 4044 et
1980 3972 2127 4044 juste

542 4042 724 4097 vivere
749 4043 1040 4099 valeamus.
1079 4043 1231 4111 Quod
1265 4044 1309 4098 si
1337 4059 1443 4098 non
1470 4042 1753 4114 fecerimus
1775 4086 1790 4111 ,
1814 4043 1955 4114 quod
1985 4042 2125 4099 Deus

542 4121 766 4183 avertat,
797 4114 986 4169 melius
1000 4114 1336 4183 fuissetquod
1357 4114 1464 4169 nati
1486 4130 1589 4169 non
1605 4113 1907 4170 fuissemus.
1923 4118 2121 4182 Quare,

544 4181 737 4239 fratres
762 4186 867 4240 mei
896 4226 913 4253 ,
943 4185 1133 4241 melius
1179 4181 1364 4240 fuisset
1385 4185 1543 4256 ;__nisi
1567 4186 1689 4256 quia
1715 4185 1908 4240 melius
1936 4184 2126 4239 fuisset

542 4268 650 4309 non
675 4269 819 4323 esse,
846 4271 1004 4327 quam
1045 4257 1183 4311 male
1213 4256 1369 4311 esse?
1396 4254 1661 4325 Numquid
1691 4271 1799 4310 non
1828 4255 2126 4327 meliusest

541 4338 725 4381 carere
745 4324 1048 4393 essequam
1097 4341 1218 4381 cum
1255 4340 1376 4382 esse
1415 4324 1670 4396 perpetuo
1694 4325 1960 4381 cruciari?
1989 4324 2124 4382 Nam

541 4411 647 4450 non
677 4411 817 4461 esse,
839 4397 923 4452 cui
943 4397 1110 4467 possit
1134 4398 1354 4462 obesse,
1381 4398 1588 4467 ignoro.
1618 4396 1722 4453 Sed
1753 4396 1951 4453 habere
1977 4411 2119 4464 esse,

539 4476 595 4522 et
624 4480 880 4538 perpetuo
906 4469 1129 4522 cruciari
1153 4508 1168 4531 ,
1196 4467 1321 4537 quid
1349 4467 1491 4538 aliud
1530 4476 1613 4523 est
1633 4510 1647 4533 ,
1699 4482 1857 4538 quam
1894 4475 2122 4523 mortem

540 4538 657 4593 sine
684 4537 855 4595 morte
882 4554 1094 4608 semper
1123 4538 1354 4594 habere?
1395 4537 1593 4593 Verum
1620 4579 1634 4601 ,
1680 4537 1734 4593 et
1764 4537 2123 4594 indubitanter

538 4624 724 4665 verum
752 4610 924 4676 vobis,
956 4609 1145 4665 fratres
1175 4610 1301 4675 mei,
1323 4609 1502 4669 dicere
1531 4609 1733 4668 audeo.
1765 4609 1956 4664 melius
1981 4618 2125 4666 esset

540 4693 646 4751 non
673 4696 794 4737 esse
813 4724 828 4747 ,
857 4696 1014 4751 quam
1042 4696 1161 4735 cum
1188 4696 1308 4736 esse
1339 4686 1595 4750 perpetuo
1633 4678 1830 4749 affligi,
1860 4680 1942 4735 vel
1967 4689 2124 4736 aeter-

542 4750 988 4823 nalitercruCiari
1009 4754 1049 4805 ².
1081 4752 1401 4807 Studeamus
1432 4751 1619 4823 igitur,
1654 4751 1842 4807 fratres
1862 4766 2124 4823 ,semper

540 4818 680 4893 hene
700 4820 875 4878 vivere
900 4863 914 4885 ,
945 4831 999 4877 ut
1039 4832 1094 4878 et
1142 4838 1356 4891 semper
1385 4818 1520 4879 bene
1563 4838 1684 4878 esse
1730 4818 2120 4893 possideam'us.

538 4888 686 4963 Esse
726 4893 865 4945 enim
896 4893 990 4948 Dci
1018 4894 1182 4963 gratia
1209 4888 1407 4949 habere
1437 4909 1535 4949 nos
1580 4888 1777 4948 scimus
1810 4911 1823 4947 :
1855 4892 1948 4948 sed
1979 4907 2121 4948 sem-

537 4975 636 5086 Fer
674 4960 810 5017 bene
838 4976 958 5017 esse
997 4960 1214 5020 omnino
1254 4966 1578 5037 ignoramus.
1615 4965 1903 5034 Propterea
1946 4964 2122 5019 taliter

561 5047 774 5086 meuam
824 5042 1120 5086 caeteraaue
1164 5038 1406 5086 cornoris
1434 5037 1669 5086 membra
1712 5035 2118 5086 restringantus.

488 5058 493 5062 ι
537 5032 774 5106 linguam
824 5042 1120 5106 cantet-aque
1164 5032 1406 5106 corporis
1434 5037 1669 5092 membra
1712 5032 2118 5106 restringamus,

536 5113 595 5158 ut
621 5104 892 5179 mediante
918 5103 1095 5157 divina
1118 5103 1305 5179 gratia,
1334 5107 1400 5162 ad
1419 5120 1732 5179 perpetuum
1769 5103 1966 5162 malum
1991 5122 2118 5179 esse

536 5190 643 5249 non
677 5175 1069 5249 perveniamus.
1110 5174 1228 5249 ANefc
1277 5178 1345 5249 d_e
1386 5174 1539 5233 nobis
1569 5179 1776 5249 dicatur
1801 5220 1815 5245 ,
1865 5177 2006 5249 quod
2054 5178 2120 5233 de

532 5247 666 5302 Juda
692 5247 965 5318 proditore
992 5246 1251 5319 discipulo
1281 5247 1509 5304 dicitur:
1540 5248 1723 5306 Melius
1753 5252 1798 5305 ei
1836 5246 2010 5323 fuisset
2028 5291 2045 5318 ,
2076 5248 2123 5305 si

598 5384 614 5446 ξ
642 5380 758 5432 ΕιΙίιί
782 5382 980 5446 addunt,
999 5379 1324 5446 apostolicam.

595 5445 615 5475 ²
635 5452 750 5509 Nota
774 5442 1039 5509 prolixaad
1065 5457 1199 5494 oram
1236 5442 1533 5509 exemplaris
1559 5443 1748 5509 Jordani
1760 5445 1999 5509 apposita,
2025 5457 2123 5509 qua

531 5504 667 5571 locus
690 5504 784 5571 iste
802 5520 909 5556 cum
932 5505 1026 5571 alio
1048 5509 1297 5571 Augustini
1319 5504 1579 5556 delibero
1598 5504 1819 5571 arbitrio,
1831 5504 1924 5556 lib.
1940 5504 1995 5562 ὃς
2011 5504 2117 5569 cap.

530 5569 578 5624 6,
604 5583 652 5617 η.
681 5569 768 5627 18,
792 5569 1093 5628 concilietur,
1118 5569 1163 5619 in
1190 5578 1293 5620 Mss.
1328 5577 1475 5633 Regio
1498 5577 1551 5619 et
1582 5570 1843 5628 Victorino,
1867 5572 1916 5618 iu
1936 5571 2121 5632 ipsum-

530 5639 631 5680 tnet
654 5638 844 5681 textum
861 5640 1052 5683 temere
1076 5632 1301 5683 translata
1320 5632 1412 5683 est.

593 5693 666 5754 (a)
700 5701 1029 5758 llaec—meum:
1067 5697 1316 5758 Augustini
1348 5697 1567 5758 apposita
1611 5693 1766 5747 refert
1809 5692 2045 5745 Possidius
2070 5693 2119 5743 in

531 5755 642 5817 ejus
674 5755 791 5806 \‘ita.
813 5755 912 5805 ode
930 5755 1086 5819 Clum,
1110 5755 1194 5808 lib.
1219 5758 1251 5807 5
1282 5755 1447 5809 collat.
1474 5773 1522 5809 ιι.

1984 259 2321 317 APPENDIX
2333 304 2346 317 .

3709 270 3847 328 {280

2221 388 2388 460 natus
2414 394 2513 433 non
2554 380 2728 503 fuisset
2773 378 2921 436 homo
2948 382 3037 437 ille
3063 380 3282 453 (Matth.
3312 386 3590 458 xxvrﬂt).
3653 388 3838 458 Quare

2240 450 2311 502 tllt
2341 449 2531 503 melius
2576 450 2761 503 uisset.
2787 452 2830 503 si
2854 462 3008 503 natus
3034 470 3140 503 non
3167 452 3384 503 fuisset:
3417 459 3512 503 nisi
3539 461 3681 503 auia
3728 478 3837 503 ηιιι.

2240 448 2311 530 illi
2341 449 2531 504 melius
2555 448 2761 530 fuisset,
2787 452 2830 506 si
2854 462 3008 508 natus
3034 448 3140 508 non
3167 452 3385 530 fuisset;
3407 459 3513 530 nisi
3539 448 3707 530 qui;
3728 448 3837 518 me?

2238 518 2339 595 lius
2362 521 2617 595 estomni
2646 537 3012 595 c_sse_cnrere,
3042 530 3203 595 q'uam
3249 527 3301 580 in
3343 518 3832 595 inferno‘jacere?

2241 589 2574 672 lbi__denique
2594 593 2698 672 etsi
2719 593 2822 672 erit
2841 589 3090 672 stimulus
3133 596 3334 672 doloris
3359 607 3413 672 et
3447 589 3829 672 ptenitudinis,

2237 661 2381 716 nulla
2416 661 2591 738 tamen
2623 664 2725 738 erit
2750 664 2821 720 ibi
2843 666 3111 738 correctio
3154 661 3479 738 voluntatis',
3507 682 3561 727 ut
3590 661 3829 731 nullane:

2238 747 2339 813 nes
2378 732 2709 813 a__damnatis
2757 735 3099 813 possit-diligi
3123 738 3206 792 vel
3252 732 3543 813 desiderari
3590 745 3826 813 justitia.

2241 802 2364 857 Ideo
2393 804 2478 884 illi
2510 804 2658 884 diviti
2694 802 2782 884 qui
2823 806 2876 884 in
2926 802 3135 862 inferno
3170 810 3527 884 cruciabatur,
3579 802 3833 884 quamvis

2237 889 2421 948 curam
2447 875 2514 948 de
2534 876 2668 948 vivis
2695 876 2947 932 fratribus
2975 893 3164 948 gerere
3183 879 3479 948 videretur,
3507 875 3618 939 non
3649 896 3825 944 tam

2237 944 2411 1021 eidem
2442 945 2509 1001 de
2524 945 2731 1015 justitia
2752 962 2881 1003 cura
2907 944 3022 1021 erat
3046 991 3062 1016 ,
3087 950 3209 1020 quia
3230 944 3492 1021 justitiam
3518 956 3827 1014 nullatenus

2237 1014 2457 1086 diligere
2474 1014 2699 1087 pOSSunt
2722 1021 2810 1088 qui
2835 1022 2885 1075 in
2914 1014 3125 1075 inferno
3141 1014 3283 1077 sun't.
3300 1021 3519 1080 Iacebat
3538 1036 3727 1082 tamen
3750 1030 3830 1083 di-

2238 1100 2349 1165 ves,
2377 1089 2698 1165 et_sepultus
2716 1098 2833 1165 erat
2854 1091 2905 1145 in
2930 1089 3168 1165 inferno,
3203 1093 3282 1164 (a)
3312 1104 3369 1149 et
3393 1096 3516 1165 quid
3536 1097 3605 1153 de
3642 1098 3825 1156 fratri-

2237 1155 2338 1211 bus
2370 1159 2481 1214 suis
2521 1155 2708 1220 esset.
2742 1161 3020 1231 ignorabat
3058 1170 3110 1217 et
3156 1155 3439 1221 nesciebat
3479 1170 3704 1225 omnino
3733 1188 3747 1222 :
3773 1155 3823 1227 et

2239 1235 2414 1301 tamen
2457 1244 2639 1301 curam
2679 1232 2746 1287 de
2786 1234 2866 1288 eis
2904 1232 3183 1288 videbatur
3226 1233 3459 1301 habere;
3485 1238 3627 1294 sicut
3651 1250 3708 1296 et
3731 1257 3821 1298 nos

2235 1299 2475 1380 viventes
2504 1299 2571 1381 de
2596 1304 2820 1381 mortuis
2840 1344 2858 1370 ,
2900 1304 3143 1373 quamvis
3166 1305 3294 1375 quid
3322 1299 3489 1377 agunt
3523 1311 3709 1381 utique
3731 1328 3817 1368 ne-

2235 1371 2487 1449 sciamus.
2520 1371 2719 1449 lt_aque,
2752 1371 2971 1438 fratres,
2997 1371 3283 1449 caveamus
3310 1371 3383 1449 ne
3408 1371 3727 1449 peccem-us;
3756 1398 3817 1438 ne

2234 1438 2302 1523 ad
2352 1441 2495 1496 illam
2543 1438 2813 1523 flammam
2868 1445 3240 1523 perveniamus
3279 1448 3378 1523 (b)_.
3408 1438 3543 1523 :Ipsa
3591 1438 3811 1523 denique

2236 1511 2448 1582 flamma
2494 1511 2975 1571 concremationem
3023 1515 3221 1582 habet,
3270 1511 3365 1574 sed
3411 1511 3586 1577 lumen
3618 1511 3809 1581 nullum

2238 1579 2415 1664 habet.
2434 1582 2643 1664 Quare?
2658 1585 2768 1664 Nisi
2789 1588 2909 1664 quia
2931 1601 3066 1656 quos
3084 1579 3345 1658 gehenna:
3366 1589 3575 1664 llamma
3594 1579 3807 1661 cruciat,

2234 1665 2263 1704 a
2298 1657 2502 1714 visione
2531 1657 2644 1711 veri
2687 1657 2900 1712 luminis
2941 1657 3135 1723 caecat;
3176 1668 3230 1713 et
3264 1668 3323 1714 ut
3359 1661 3491 1717 foris
3530 1679 3624 1719 eos
3664 1657 3805 1721 dolor

2235 1724 2620 1802 combustionis
2647 1730 2867 1802 cruciet,
2901 1728 3045 1802 intus
3074 1744 3228 1799 poena
3258 1732 3515 1787 caecitatis
3539 1736 3801 1802 obscuret;

2237 1802 2293 1847 ut
2334 1796 2421 1864 qui
2471 1797 2710 1874 Creatori
2749 1814 2848 1853 suo
2883 1800 3045 1874 corde
3071 1796 3146 1874 :et
3184 1815 3416 1872 corpore
3455 1796 3800 1874 deliquerant,

2234 1878 2460 1934 corpore
2489 1869 2644 1947 simul
2688 1871 2931 1947 etcerde
2960 1869 3365 1947 punianturfct
3380 1869 3669 1947 utrobique
3694 1869 3799 1947 pm;

2237 1950 2360 2011 nam
2389 1940 2640 2002 sentiant,
2672 1940 2762 2011 qui
2792 1941 2919 1995 dum
2946 1941 3210 2009 viverent,
3244 1944 3429 2011 pravis
3450 1940 3797 2003 delectationi-

2235 2007 2335 2064 bus
2381 2007 2704 2094 serviebants
2744 2010 2915 2077 Ecce,
2950 2011 3142 2094 fratres
3163 2007 3202 2078 ,'
3225 2007 3495 2094 quomodo
3531 2018 3799 2086 puniuntur

2235 2091 2564 2151 peccatores,
2584 2081 2776 2152 quibus
2792 2098 2930 2138 unus
2950 2083 3088 2152 ignis
3105 2081 3355 2139 omnibus
3374 2095 3490 2152 cst;
3514 2081 3616 2142 non
3636 2099 3793 2146 tamen

2235 2166 2342 2227 uno
2370 2151 2531 2227 medo
2558 2151 2747 2208 omnes
2776 2151 3112 2227 cruciantur,
3140 2154 3237 2227 sed
3267 2167 3469 2227 quanto
3495 2159 3613 2227 quis
3638 2159 3686 2213 in
3707 2161 3791 2215 de-

2235 2222 2369 2277 liciis
2400 2223 2518 2293 plus
2546 2226 2931 2293 permanserit,
2978 2233 3125 2279 tanto
3170 2222 3362 2281 fortius
3407 2222 3779 2286 cruciabiturin

2233 2302 2511 2371 aeternum.
2540 2295 2689 2371 Unus
2718 2295 2875 2371 igitur
2904 2296 3039 2366 ignis
3066 2295 3289 2365 singulis
3317 2306 3420 2361 est,
3448 2309 3500 2371 et
3523 2314 3783 2371 corporeus

2234 2374 2333 2429 est,
2358 2374 2413 2420 et
2438 2366 2512 2437 uti
2542 2365 2866 2437 stevissimos
2888 2375 3196 2436 peccatores
3220 2370 3575 2437 corporaliter
3594 2365 3786 2435 cilicia,

2233 2450 2333 2511 nec
2359 2436 2534 2511 studio
2560 2436 2793 2511 humano
2821 2437 3166 2503 accenditur,
3208 2436 3535 2511 ncc’lignis,
3580 2442 3686 2511 pice
3718 2445 3788 2499 vel

2233 2507 2354 2580 oleo
2380 2508 2645 2580 nutritur;
2686 2508 2779 2563 sed
2830 2517 2949 2580 post
2992 2516 3270 2580 peccatum
3315 2507 3481 2567 semel
3521 2507 3787 2574 accensus.

2235 2578 2287 2633 in
2326 2588 2583 2633 teternum
2615 2578 2807 2635 durare
2832 2578 3152 2634 nullatenus
3180 2578 3428 2636 dubitare
3464 2582 3727 2640 debemus.
3752 2586 3789 2641 υ

2232 2649 2458 2725 inferne,
2487 2658 2541 2704 tu
2566 2650 2704 2725 latus
2727 2664 2819 2725 es,
2837 2660 2893 2705 et
2905 2664 3215 2725 mensuram
3244 2666 3352 2706 non
3383 2651 3583 2720 habes;
3612 2656 3790 2725 ιιι-οῐιιιι-

2232 2720 2334 2793 dus
2362 2736 2441 2787 cs,
2474 2730 2527 2776 et
2562 2721 2766 2775 nullum
2792 2720 3013 2776 fundum
3039 2730 3092 2777 te
3121 2720 3321 2778 habere
3345 2720 3637 2793 cognosco}
3664 2726 3788 2781 insa-

2233 2791 2427 2863 tiabilis
2456 2806 2535 2856 es,
2565 2793 2689 2863 quia
2715 2806 2902 2863 omnes
2924 2802 3029 2847 tam
3058 2806 3319 2861 pauperes
3355 2791 3512 2863 quam
3550 2795 3724 2851 divites
3743 2807 3786 2853 te

2232 2862 2460 2938 libenter
2474 2861 2744 2938 suscipere
2760 2861 2957 2938 audio,
2971 2864 3161 2938 plenus
3177 2861 3781 2938 ardorcineomparahili,

2232 2934 2422 3005 plenus
2452 2938 2618 2991 fetore
2646 2933 2994 3000 intolerabili,
3036 2934 3224 3005 plenus
3248 2936 3396 2991 omni
3430 2933 3619 2993 dolore
3660 2939 3785 2992 inuu-

2232 3004 2491 3063 merabili.
2525 3004 2599 3060 lbi
2625 3005 2799 3061 omnis
2834 3004 3051 3061 miseria
3070 3047 3084 3069 ,
3115 3005 3187 3062 ibi
3221 3008 3458 3064 tenebrae
3478 3048 3495 3071 ,
3526 3008 3599 3062 ibi
3639 3009 3782 3064 nullus

2232 3077 2384 3145 odor,
2431 3080 2501 3134 ibi
2545 3075 3016 3140 borroraetcruus,
3073 3076 3145 3131 ibi
3193 3079 3338 3137 nulla
3388 3092 3513 3146 spes
3542 3079 3679 3143 boni,
3724 3080 3781 3133 ihi

2233 3148 2374 3203 nulla
2400 3149 2704 3221 desperatio
2729 3147 2886 3221 mali;
2921 3147 3018 3221 sed
3043 3162 3203 3204 omne
3241 3150 3440 3204 malum
3470 3150 3612 3221 quod
3629 3150 3777 3204 existi.

2231 3220 2364 3275 mari
2389 3219 2585 3291 potest,
2622 3219 2887 3291 damnatis
2933 3219 3283 3291 initetcrnum
3311 3221 3436 3275 erit.
3471 3220 3544 3277 lbi
3572 3263 3589 3288 ,
3626 3221 3777 3276 fratres

2232 3292 2373 3355 mei,
2392 3288 2673 3347 daemones
2716 3288 2844 3344 llere
2870 3298 2923 3344 et
2959 3290 3195 3362 clamare
3225 3308 3330 3347 non
3356 3303 3573 3346 cessant
3594 3335 3609 3360 ,
3633 3306 3779 3362 percu-

2233 3373 2347 3418 tere
2374 3373 2682 3435 peccatores
2711 3374 2979 3435 nunquam
3009 3359 3296 3435 desistunt,
3329 3378 3476 3419 nunc
3509 3359 3772 3435 superlmn,

2233 3432 2592 3491 nune’elatum
2617 3473 2632 3496 ,
2662 3432 2993 3505 nuncgloria
3022 3433 3204 3488 mundi
3229 3436 3470 3505 plenum.
3498 3432 3636 3489 nunc
3657 3434 3775 3487 lusu-

2232 3507 2454 3570 riosum,
2490 3511 2651 3561 ‘nunc
2688 3502 3013 3571 proditorem
3036 3543 3053 3568 ,
3097 3502 3243 3561 nunc
3279 3505 3625 3570 homicidam,
3668 3517 3773 3557 stunc

2233 3578 2613 3643 feneratorem,
2638 3588 2779 3628 nunc
2797 3572 3103 3636 vcrbosum,
3125 3590 3266 3631 nunc
3293 3575 3644 3639 adulatorcm,
3663 3586 3768 3628 nutu:

2234 3648 2565 3713 mendacem,
2594 3643 3125 3717 nuncdctractorcm.
3157 3646 3294 3703 Ecce
3319 3647 3593 3717 quomodo
3614 3646 3773 3701 clama-

2231 3721 2382 3777 bunt.
2423 3718 2528 3775 Sed
2558 3714 2682 3788 quid
2707 3714 3048 3788 clamabunt,
3080 3717 3179 3788 nisi
3205 3759 3220 3782 ,
3252 3714 3483 3774 Pcrcutc
3502 3760 3519 3781 ,
3550 3716 3769 3788 dilacera,

2232 3790 2493 3856 interﬁce,
2522 3785 2637 3845 sine
2675 3795 2848 3841 morte
2871 3785 3074 3853 occide,
3101 3787 3356 3844 velociter
3377 3788 3553 3854 spolia
3577 3830 3591 3851 ,
3612 3787 3772 3857 depre-

2231 3863 2347 3918 dari
2387 3860 2603 3927 festina,
2634 3859 2714 3915 fer
2734 3873 2951 3930 prunas
2972 3899 2988 3923 ,
3020 3858 3189 3930 picem
3219 3874 3346 3930 para
3376 3900 3393 3925 ,
3426 3875 3614 3914 aurum
3638 3869 3683 3930 et
3702 3870 3771 3930 ar-

2267 3943 2447 3989 entum
2477 3924 2839 4004 liquesce‘fEt
2865 3928 2987 4004 quia
3016 3924 3142 3984 dum
3162 3924 3432 4004 viicrutit,
3465 3931 3628 3987 Deum
3652 3924 3772 3982 intel-

2256 4006 2399 4074 igere
2425 4000 2726 4074 noluerunt,
2760 4009 2814 4055 ct
2837 4001 2881 4055 si
2912 4001 2963 4074 in
2986 4008 3249 4074 internum
3276 4000 3541 4074 vixissent
3560 4044 3575 4064 ,
3604 4009 3770 4074 semper

2230 4069 2370 4130 male
2391 4075 2566 4129 facere
2592 4073 2917 4142 voluissent;
2949 4071 3069 4126 idco
3088 4071 3206 4127 sine
3226 4072 3597 4142 redemptione
3621 4069 3770 4125 merito

2231 4146 2283 4201 in
2310 4155 2567 4200 mternum
2597 4141 2992 4199 cruciabuntur.
3019 4142 3221 4212 Itaque,
3246 4142 3457 4210 fratres,
3488 4144 3710 4203 obsecro,
3723 4146 3767 4191 ut

2231 4232 2335 4272 non
2354 4216 2601 4288 peccetis.
2621 4212 2896 4288 Custodite
2911 4214 3142 4284 linguam
3164 4223 3420 4288 vestram,
3440 4224 3643 4269 servate
3659 4225 3766 4288 caui.

2229 4282 2457 4343 claudite
2486 4301 2602 4340 eam
2638 4294 2790 4341 recte
2816 4282 3027 4357 ferreo}
3057 4284 3307 4357 quoniam
3342 4300 3539 4357 sermo
3568 4282 3767 4357 vamtsin

2229 4373 2453 4413 vacuum
2483 4372 2589 4411 non
2630 4357 2724 4411 ibit
2768 4373 2782 4410 :
2834 4355 2928 4410 sed
2956 4349 3024 4411 de
3067 4349 3212 4409 onuii
3241 4356 3407 4410 verbo
3433 4356 3604 4410 otioso
3638 4353 3680 4407 iu
3701 4349 3765 4402 die

2230 4430 2525 4484 novissimo
2550 4427 2804 4483 reddituri
2833 4441 3018 4482 sumus
3040 4426 3319 4481 rationem.
3345 4426 3577 4495 Adjnvet
3606 4419 3767 4478 uosJeo

2228 4515 2320 4556 sus
2347 4499 2589 4572 Christus
2618 4500 2756 4572 Deus
2791 4508 3001 4572 nos_ter,
3032 4497 3098 4552 ad
3130 4496 3581 4572 perseverandum
3605 4496 3648 4572 in
3672 4506 3760 4572 om;

2229 4572 2386 4627 nibus
2411 4571 2587 4636 bonis,
2615 4571 2703 4639 qui
2729 4584 2848 4624 cum
2882 4569 3037 4623 Patre
3061 4577 3114 4623 ct
3142 4567 3349 4637 Spiritu
3384 4577 3575 4624 sancto
3599 4566 3703 4620 vivit
3718 4568 3760 4613 et

2229 4652 2415 4714 regnat
2443 4642 2495 4697 in
2531 4640 2727 4697 saecula
2751 4641 3088 4696 saeculorum.
3121 4640 3314 4694 Amen.

2786 4753 3014 4813 SERMO
3050 4751 3262 4811 XXVII.

2754 4887 2823 4929 DE
2870 4887 3009 4928 FILIO
3045 4885 3289 4927 PRODIGO.

2299 4991 2407 5047 Pax
2430 4989 2601 5056 vobis,
2624 4987 2817 5043 fratres
2836 4985 3186 5050 dilectissimi,
3214 4983 3303 5056 qui
3328 4982 3579 5053 optimam
3597 4984 3755 5054 mrtem

2228 5078 2348 5119 cum
2390 5061 2550 5117 Maria
2581 5060 2816 5129 elegistis
2838 5100 2853 5123 ,
2898 5058 3041 5129 dum
3069 5055 3320 5129 mundum
3349 5063 3403 5110 et
3442 5065 3644 5129 pompas
3671 5056 3756 5129 eius

2228 5144 2571 5191 contemnere
2602 5123 2860 5185 voiuistis.
2895 5127 3148 5200 voluistis
3170 5127 3311 5181 enim
3336 5123 3753 5200 terrenadespiee:

2230 5189 2308 5261 re.
2361 5204 2570 5258 Saniori
2622 5201 2766 5256 enim
2812 5199 3036 5254 consilio
3086 5207 3391 5252 sanctorum
3450 5189 3680 5250 Ambrosii
3713 5189 3753 5236 cl

2229 5275 2557 5346 Simpliciani
2596 5282 2807 5346 patrum
2846 5271 3008 5346 vitam
3059 5270 3310 5346 tutiorem
3347 5265 3574 5338 aggressi
3610 5265 3750 5346 stltifff

2228 5335 2360 5403 cum'
2379 5347 2542 5401 Patth
2568 5335 2825 5399 mundum
2855 5341 3108 5411 fugiente,
3130 5335 3469 5411 timentesth
3490 5335 3746 5411 caperentqu

2228 5421 2295 5473 ab
2321 5433 2406 5473 eo.
2438 5417 2494 5470 ln
2529 5430 2711 5470 eremo
2740 5408 2968 5483 denique
2996 5426 3215 5483 sumus,
3238 5408 3609 5483 iucunditatem

2228 5488 2603 5547 munieationis
2627 5495 2683 5542 et
2707 5474 2983 5540 fractionis
3002 5482 3154 5554 panis
3173 5474 3543 5551 intelligentes,
3566 5474 3745 5531 damﬂ‘

2290 5626 2363 5689 (α)
2395 5630 2463 5689 EX
2508 5631 2643 5686 M18“

2358 5639 2378 5738 l1
2386 5630 2463 5736 fx
2508 5621 2758 5686 Augustini
2788 5618 2913 5670 libro
2950 5618 3017 5670 de
3048 5625 3171 5670 Cura
3204 5630 3295 5683 pro
3326 5614 3517 5674 Mortuis
3548 5600 3743 5678 gerendi:

2224 5703 2314 5753 can

2291 5721 2606 5816 ἱὶιίῖιὲρεοικ,
2624 5748 2712 5799 ιιι).
2727 5746 2760 5798 9
2775 5742 2961 5809 uoraL,
2980 5756 3088 5809 cap.
3109 5742 3193 5830 se.
3554 5749 3563 5761 ι
3693 5830 3706 5859 Ι
3735 5748 3771 5873 1
