3934 6258
598 402 739 458 1295

596 540 715 581 rum
740 537 956 579 suorum
990 519 1122 577 :sed
1151 535 1278 575 ecce
1313 518 1471 600 hodie
1502 519 2136 600 ebrietatempcrpessus
2156 557 2171 579 ,

560 606 824 650 .matrem
886 602 1241 661 pra-guuntem
1291 592 1535 661 nequiter
1580 592 1880 661 oppressit,
1930 600 2173 661 sororem

597 667 799 720 violare
821 656 1018 725 voluit:
1041 673 1251 731 patrem
1264 656 1476 724 occidit,
1500 669 1557 731 et
1579 656 1712 731 duas
1742 656 2175 731 sorores‘vulne-

596 736 734 790 ravit
763 734 828 788 ad
857 727 1078 787 mortem
1101 732 1198 807 (ιι).
1222 730 1266 785 Ο
1296 744 1483 799 magna
1508 727 2014 807 diabolidominatio
2077 740 2179 807 pau

599 818 732 860 trem
774 819 930 874 quem
979 796 1116 871 post
1144 802 1307 876 Deum
1354 796 1586 854 revereri
1639 798 1892 862 debebat,
1942 796 2171 876 occidit;

598 872 824 929 matrem
866 888 895 927 a
924 889 1027 942 qua
1076 872 1422 947 portabatur,
1474 878 1832 947 Pracguaulem
1876 872 2173 947 Oppressit;

597 960 810 1001 sorores
854 938 984 1012 quas
1014 941 1295 1018 tenerrimo
1332 941 1553 1018 diligere
1576 938 1836 1018 debebat.
1865 938 2179 1018 voluit_vio-

597 1018 728 1079 lare,
759 1026 812 1069 et
833 1008 965 1067 ditas
988 1011 1283 1066 vulneravit
1309 1011 1373 1063 ad
1403 1020 1645 1063 mortem.
1669 1009 1712 1060 (ι
1737 1009 1979 1079 dolorosa
2008 1008 2181 1060 ebrie-

595 1078 950 1150 tas,omuium
997 1082 1253 1135 malorum
1289 1089 1491 1143 mater,
1518 1079 1693 1133 omnis
1735 1078 1958 1131 luxuria:
2003 1093 2173 1140 soror,

598 1156 772 1210 omnis
801 1152 1064 1221 superbia:
1091 1150 1273 1220 pater!
1304 1151 1347 1204 0
1371 1151 1602 1221 ebrietas
1631 1156 1682 1202 tu
1726 1163 1962 1221 nten'em
1985 1162 2172 1221 enicas,

592 1225 797 1294 judicio
826 1218 969 1277 recto
997 1218 1171 1286 cares,
1202 1222 1480 1294 consilium
1513 1220 1714 1273 nullum
1744 1219 1925 1281 habes,
1952 1218 2177 1294 blandus

598 1289 807 1349 ila-mon
830 1309 909 1355 es,
941 1307 1203 1347 venenum
1230 1291 1385 1346 dulce
1412 1305 1470 1344 es
1488 1331 1501 1354 ,
1538 1300 1810 1357 peceatum
1841 1304 2003 1341 suave
2032 1304 2111 1340 es.
2135 1289 2179 1341 Ο

596 1367 862 1427 ebrietas,
893 1361 1148 1431 numquid
1193 1378 1296 1414 non
1344 1376 1436 1428 per
1482 1369 1532 1431 te
1579 1359 1792 1431 inflatur
1834 1357 2178 1431 stomachus?

599 1434 855 1504 numquid
899 1450 1003 1487 non
1043 1428 1227 1504 perte
1271 1430 1525 1504 putrescit
1570 1429 1877 1483 anhelitus?
1925 1428 2177 1504 numquid

601 1522 707 1560 non
739 1498 924 1559 oeulos
944 1498 1152 1557 cacas?
1176 1500 1429 1570 numquid
1460 1516 1564 1553 non
1594 1509 1781 1553 cuncta
1824 1498 2061 1553 membra
2086 1498 2178 1570 def

598 1576 815 1631 bilitas?
855 1571 1108 1643 numquid
1147 1588 1250 1625 non
1294 1579 1520 1643 mortem
1569 1570 1874 1643 acceleras?
1924 1569 2175 1643 numquid

600 1662 707 1702 non
733 1646 945 1700 bnrsam
972 1639 1236 1697 evacuus?
1263 1641 1516 1709 numquid
1540 1655 1644 1693 n0u
1665 1640 1956 1693 dominium
1984 1639 2178 1707 recipis

597 1718 667 1770 ab
690 1715 955 1773 homine-3
975 1712 1229 1781 ntunquid
1276 1712 1549 1781 bestialem
1594 1718 1647 1764 et
1684 1708 2179 1781 irrationabilenite

600 1787 907 1855 diligentem
959 1778 1136 1837 tecum
1159 1780 1346 1855 ducis?
1376 1778 1419 1835 Ο
1440 1779 1667 1855 ebrietas
1689 1820 1704 1844 ,
1730 1780 1937 1855 discant
1968 1788 2022 1855 te
2055 1778 2172 1831 dili~

600 1849 784 1923 gentes
806 1868 1116 1925 agnoscere,
1146 1852 1430 1925 diseaut_te
1455 1850 1713 1914 devitarc,
1748 1850 1938 1925 iterum
1973 1849 2180 1903 discant

602 1919 655 1981 te
675 1919 940 1990 devitarc,
968 1923 1178 1977 discant
1213 1930 1263 1975 te
1294 1921 1438 1975 velut
1477 1929 1701 1974 monent
1741 1919 2003 1988 elTugere;
2044 1934 2175 1987 quo-

602 1997 743 2050 niam
772 1996 860 2065 qui
894 2003 945 2065 te
972 1993 1233 2065 dilexerit,
1256 2006 1483 2065 regnum
1521 1990 1759 2065 llei__non
1802 1998 2177 2065 consequetur.

602 2068 743 2135 Ergo
765 2058 840 2129 ,ὀ
882 2063 1063 2135 fideles
1087 2061 1392 2135 ,_abs_tin_ete
1411 2101 1425 2123 ,
1454 2069 1507 2114 et
1541 2060 1715 2135 nolite
1744 2058 1994 2135 inebriari
2033 2060 2176 2135 vino.

601 2128 718 2191 Non
764 2135 905 2188 enim
952 2132 1147 2187 suflicit
1188 2130 1492 2187 abstinere:
1540 2128 1633 2183 sed
1670 2130 1998 2182 abstinentes
2042 2130 2179 2183 alios

601 2208 870 2259 abstinere
894 2202 1151 2267 doceatis,
1179 2200 1434 2256 docentes
1463 2198 1729 2268 quomodo
1755 2198 1855 2253 ι.οι
1890 2199 2178 2253 inebriatus

600 2293 722 2330 eum
748 2274 956 2329 filiabus
980 2273 1179 2341 iacuit;
1212 2272 1435 2325 Samson
1474 2269 1632 2324 etiam
1676 2269 1798 2322 vino
1824 2269 2057 2337 repletus
2082 2285 2180 2391 per

605 2345 941 2391 meretricem
972 2342 1199 2391 inimicis
1227 2340 1470 2391 traditur.
1500 2337 1713 2391 Audite.
1748 2339 1930 2391 fideles
1956 2381 1971 2391 .
2000 2355 2082 2391 aut
2109 2342 2178 2391 ite

605 2345 941 2400 meretricem
972 2337 1199 2396 inimicis
1227 2340 1470 2395 traditur.
1500 2337 1713 2403 Audite,
1748 2339 1930 2394 fideles
1956 2381 1971 2405 ,
2000 2337 2178 2395 audite

601 2416 789 2470 lsaiatn
818 2414 1103 2473 dicentem,
1145 2410 1253 2475 Vw,
1284 2411 1368 2479 qui
1391 2410 1692 2477 consurgitis
1717 2425 1864 2462 mane
1880 2412 1953 2463 ad
1980 2410 2180 2464 ebrieta-

606 2498 706 2539 tem
729 2484 1041 2544 sectandam,
1072 2490 1116 2535 et
1144 2482 1418 2551 potandum
1432 2496 1592 2551 usque
1615 2480 1683 2532 ad
1710 2495 1967 2551 vesperam
1986 2521 2001 2545 ,
2032 2490 2088 2532 ut
2126 2481 2179 2533 in

600 2558 717 2610 uiuo
746 2555 964 2609 testantis
988 2548 1221 2630 (Isai.'v_,
1254 2552 1280 2606 1
1297 2552 1311 2604 l
1329 2548 1367 2622 ,)
1388 2552 1400 2604 Ξ
1420 2549 1669 2630 inveteri
1691 2549 1850 2630 etiam
1877 2549 2017 2630 Lege
2043 2565 2178 2618 prte-

603 2639 817 2695 ceptum
870 2620 1016 2695 erat,
1068 2620 1238 2695 quod_
1262 2620 1566 2695 sacerdotes
1613 2635 1733 2695 cum
1779 2620 2181 2695 ingrederentur

602 2690 859 2767 templum
882 2690 1187 2767 ministrare
1212 2692 1467 2767 Domino,
1494 2690 1712 2767 omnino
1745 2706 1849 2744 nou
1886 2690 2065 2767 vinum
2096 2690 2177 2745 bi-

602 2760 811 2831 berent.
836 2766 891 2819 Si
913 2779 1040 2833 ergo
1058 2764 1159 2833 hoc
1187 2770 1320 2825 erat,
1351 2761 1474 2833 dum
1500 2760 1753 2833 templum
1778 2770 1979 2833 tantum
2006 2761 2180 2833 ingre-

604 2826 892 2898 derentur;
937 2826 1001 2888 et
1036 2832 1163 2903 quid
1207 2832 1528 2903 nosqmiseri
1588 2826 1760 2903 facere
1798 2826 2097 2903 debemus?
2133 2832 2180 2903 _0

603 2924 763 2976 quam
793 2906 970 2975 plures
1008 2901 1222 2976 suntex
1254 2901 1403 2976 vobis
1437 2901 1526 2969 qui
1563 2901 1708 2969 prius
1742 2902 2014 2976 tabernam
2050 2901 2180 2955 visi-

604 2971 719 3030 tant
744 3018 759 3041 ,
792 2971 948 3046 quam
971 2974 1276 3046 templum;
1313 2972 1457 3040 prius
1493 2987 1686 3041 corpus
1723 2971 1999 3046 reficiunt,
2021 2988 2177 3046 quam

603 3042 838 3100 animam
864 3062 878 3110 ;
903 3045 1050 3114 prius
1090 3042 1384 3114 d:emonem
1417 3050 1736 3114 sequuntur,
1770 3056 1934 3114 quam
1948 3042 2134 3114 Deum
2158 3043 2181 3114 ’ζ

602 3118 649 3172 0
675 3117 857 3171 fideles
884 3111 987 3168 non
1012 3114 1194 3168 fideles
1213 3154 1226 3175 ,
1256 3111 1379 3180 quid
1407 3112 1555 3165 vobis
1584 3128 1703 3165 cum
1736 3112 1892 3164 vino?
1918 3112 2181 3181 Numquid

603 3189 785 3241 vinum
827 3185 1020 3240 factum
1057 3193 1139 3237 est
1182 3194 1233 3236 ιιι
1273 3182 1533 3235 deficiatis
1573 3182 1949 3235 maledicentes
1986 3198 2180 3235 nomen

606 3257 858 3312 Domini?
884 3255 1160 3310 Abstinete
1189 3267 1317 3321 ergo
1336 3267 1376 3311 ,ιι
1414 3252 1833 3322 superfluo-potu
1860 3293 1874 3312 ,
1904 3268 1970 3304 ne
2008 3253 2182 3307 rebel-

606 3329 684 3382 les
708 3325 1033 3380 efficiamini.
1061 3320 1323 3390 Quamdiu
1371 3324 1510 3376 enim
1542 3320 1987 3376 Adam—abstinuit
2006 3362 2020 3379 .
2050 3330 2185 3376 taut-

605 3399 699 3452 diu
732 3396 986 3451 obedieus
1032 3395 1126 3447 fuit
1150 3434 1164 3452 ,
1192 3392 1391 3445 tamdiu
1438 3392 1640 3456 bonus,
1673 3400 1888 3447 sanctus
1920 3401 1973 3445 et
2008 3392 2184 3461 justus

605 3467 917 3535 permansit.
949 3464 1037 3518 Sic
1064 3474 1118 3516 et
1145 3463 1284 3535 tilias
1321 3462 1517 3515 tamdiu
1549 3463 1800 3535 miracula
1828 3461 1971 3525 fecit,
1993 3478 2182 3532 quam-

605 3532 698 3590 diu
732 3551 865 3603 pane
893 3545 946 3589 et
975 3548 1109 3600 aqua
1140 3532 1371 3603 refectus
1400 3542 1483 3585 est
1514 3549 1526 3583 :
1558 3532 1650 3603 sed
1681 3542 1954 3601 postquam
1995 3548 2184 3603 carnes

606 3601 840 3660 emnedit
865 3646 881 3668 ,
905 3612 959 3658 et
988 3603 1165 3656 vinum
1195 3601 1324 3654 bibit
1361 3601 1412 3653 in
1437 3601 1716 3655 saturitate
1741 3642 1755 3666 ,
1786 3602 2041 3656 miracula
2079 3619 2183 3657 non

606 3676 802 3742 legitur
824 3673 1012 3728 fecisse
1040 3670 1135 3742 (ὁ).
1181 3672 1272 3725 Eia
1302 3686 1447 3739 ergo,
1476 3670 1658 3742 fideles
1677 3712 1691 3733 ,
1715 3686 1895 3724 casum
1940 3675 2185 3740 superius

606 3740 934 3814 aSSignatum
965 3740 1102 3796 inter
1139 3749 1332 3814 caetera
1357 3740 1758 3795 considerantes
1793 3742 1955 3814 Deum
1981 3744 2182 3806 timete,

607 3826 664 3871 et
705 3811 950 3869 timentes
995 3828 1115 3867 eum
1166 3811 1431 3866 ferventer
1467 3820 1676 3879 rogate,
1706 3822 1760 3865 ut
1800 3812 1867 3866 ab
1902 3811 1987 3868 his
2021 3822 2076 3868 et
2118 3813 2186 3868 ab

606 3885 857 3941 omnibus
886 3885 1040 3939 malis
1070 3883 1261 3937 liberet
1290 3898 1386 3935 nos
1410 3895 1642 3948 semper.
1676 3884 1864 3937 Amen.

1153 3990 1381 4048 SERMO
1419 3990 1659 4047 XXXIV.

609 4106 678 4146 DE
705 4102 904 4144 DUOBUS
947 4099 1238 4144 GENERIBUS
1272 4100 1508 4139 ΙΙΟΗΙΝΙἩ
1546 4100 1763 4139 IUNDUI
1792 4101 2187 4151 DBRELINQUEN-

682 4175 813 4215 τιυιι
841 4174 925 4220 QUI
957 4171 1153 4212 SANCTO
1181 4170 1281 4210 LOT
1309 4171 1375 4209 ET
1399 4170 1573 4209 UXORE
1600 4170 1697 4209 εοΑ
1732 4172 2115 4212 DESIGNANTUR.

681 4250 940 4315 Audistis,
972 4248 1161 4301 fratres
1190 4244 1512 4317 chari.-sitni,
1545 4246 1686 4317 quod
1713 4245 1811 4300 Lot
1838 4263 2003 4317 nepos
2031 4249 2192 4303 Abra-

612 4323 694 4376 h.e
725 4322 863 4374 inter
905 4318 1163 4388 pessimus
1193 4315 1495 4388 Sodomitas
1521 4325 1573 4369 et
1601 4315 1978 4388 Gomorrhze‘os
2008 4329 2190 4375 sancte

607 4402 664 4445 et
684 4393 826 4458 juste
848 4386 1083 4443 moratus
1109 4395 1210 4441 est.
1238 4386 1640 4458 Quaseivitates
1667 4387 1850 4458 volens
1883 4388 2191 4445 subvertere

611 4456 891 4524 Dominus,
920 4458 984 4512 ad
1012 4472 1223 4511 servum
1255 4471 1407 4508 suum
1428 4456 1523 4509 Lot
1555 4457 1786 4524 Angelos
1807 4459 1968 4524 misit,
1996 4470 2191 4515 utcnm

611 4532 768 4588 malis
795 4547 897 4583 non
924 4528 1144 4599 periret.
1163 4527 1402 4600 Quicum
1425 4525 1886 4600 esiret,_dixeruut
1906 4530 1956 4582 ei
1978 4531 2186 4600 Angeli.

612 4603 772 4658 Salva
822 4594 1046 4654 animum
1080 4607 1217 4649 tuam
1248 4594 1407 4666 (Gen.
1436 4611 1553 4659 xu,
1580 4597 1692 4667 t7).
1739 4596 1885 4652 Uxor
1927 4594 2193 4656 vero'Lot

609 4674 732 4742 quia
765 4681 908 4742 retro
936 4667 1168 4742 respexit
1189 4707 1207 4733 ,
1236 4682 1358 4720 mox
1386 4676 1584 4719 mutata
1609 4667 1767 4742 estin
1791 4677 2018 4723 statuam
2040 4671 2186 4742 salis.

611 4738 796 4811 Igitur,
829 4740 1020 4795 fratres
1056 4738 1579 4811 ιιιθί,Δίιιιτρειιιιιιιιιεξ⁸
1604 4739 1798 4811 scripta
1821 4747 1975 4803 sunt,
1998 4741 2075 4811 ad
2098 4757 2193 4795 no-

611 4807 775 4890 stram
803 4812 1096 4890 doctrinam
1115 4808 1310 4890 scripta
1330 4818 1472 4890 sunt,
1493 4817 1549 4861 ut
1568 4807 1690 4863 inde
1712 4807 1938 4890 fructum
1959 4810 2189 4890 aliquem

611 4882 900 4950 capiamus.
936 4880 991 4934 lu
1017 4879 1117 4934 Lot
1155 4878 1297 4933 enim
1323 4886 1384 4950 et
1413 4892 1578 4932 uxore
1605 4893 1698 4950 sua
1734 4878 1842 4950 duo
1870 4878 2067 4949 genera
2093 4881 2190 4937 bo-

611 4948 813 5005 tnintun
856 4950 1234 5019 designantur,
1275 4949 1477 5019 scilicet
1514 4948 1770 5019 mundum
1813 4948 2191 5019 derelinquen-

612 5022 786 5092 tium:
818 5018 1039 5092 quorum
1073 5034 1238 5092 unum
1271 5018 1504 5088 perfecte
1523 5018 1734 5092 deserit
1755 5059 1770 5081 ,
1797 5019 1939 5074 aliud
1970 5018 2192 5092 quoque

611 5090 790 5161 tepide
811 5098 868 5145 et
895 5089 1226 5161 respiciendo
1257 5098 1396 5161 retro
1415 5088 1561 5143 venit
1584 5088 1651 5161 ad
1678 5098 1925 5161 mortem.
1957 5088 2186 5146 Sodoma

613 5158 848 5233 quoque,
881 5176 999 5233 qua:
1025 5159 1234 5233 caecitas
1261 5158 1340 5213 vel
1368 5168 1509 5212 muta
1532 5159 1617 5233 vel
1657 5160 1916 5233 asperitas
1938 5162 2192 5233 interpre-

608 5228 772 5297 tatur,
804 5229 1033 5287 mundus
1058 5237 1160 5293 est,
1188 5228 1239 5281 in
1262 5244 1365 5300 quo
1387 5238 1511 5283 sunt
1536 5228 1780 5285 homines
1810 5233 1938 5285 muti
1964 5240 2018 5286 ct
2037 5228 2183 5300 eieci,

608 5305 677 5358 ad
700 5318 835 5374 quos
860 5303 1142 5374 mittuntu_r
1169 5297 1338 5374 sancti
1360 5299 1556 5374 _Angeli
1596 5307 1650 5353 et
1677 5301 1844 5374 sancti
1877 5297 2191 5371 pra-dicato-

606 5368 823 5439 res;_ut
850 5374 1028 5427 dicant
1048 5411 1063 5430 .
1090 5368 1248 5424 Salva
1285 5369 1507 5439 animum
1547 5378 1715 5433 tuam,
1745 5380 1800 5425 et
1833 5368 1889 5425 in'
1928 5384 2110 5428 monte
2136 5383 2188 5430 te

604 5432 812 5501 salt/uin
846 5444 946 5499 fac.
980 5441 1181 5512 Fugere
1211 5438 1354 5495 enim
1392 5432 1715 5507 Sodomam,
1743 5441 1871 5511 quid
1896 5442 2182 5514 aliud-est,

667 5579 740 5643 (ιι)
774 5585 901 5629 Inter
922 5577 1110 5629 fabulas
1134 5579 1240 5628 haec
1259 5585 1491 5643 recenset
1510 5578 1785 5643 vindingus.

668 5640 739 5705 (lt)
774 5648 883 5689 llaec
903 5650 1257 5705 qu:un_temere
1279 5641 1434 5705 dicta!
1463 5649 1572 5690 Nam
1593 5640 1767 5691 (mnes
1788 5641 1878 5705 sibi
1918 5656 2008 5705 per
2045 5646 2188 5696 mira-

600 5701 763 5767 culum
784 5714 814 5767 _a
835 5701 979 5751 corvo
996 5701 1168 5767 allatas
1189 5702 1415 5763 comedit,
1440 5709 1490 5752 ιιι
1509 5711 1623 5767 Reg.
1647 5717 1760 5767 xm,
1779 5704 1840 5763 6;
1858 5701 1985 5767 quod
2001 5707 2188 5757 initium

601 5763 938 5873 miratiulorum
962 5764 1068 5826 ejus
1090 5765 1195 5826 ‘r'uit,
1217 5777 1421 5828 quorum
1443 5763 1598 5829 gratia
1620 5764 1681 5815 ad
1702 5763 1891 5817 rantuui
1911 5780 2066 5817 useue
2091 5783 2186 5821 non

601 5836 731 5873 Cal‘lll
757 5860 767 5871 .

588 5836 767 5875 ωιιιιι.

2053 392 2273 449 AI’PEN
2282 393 2413 450 [ΠΧ.

3746 405 3863 464 ίὲθΰ

2289 518 3067 594 qnam_incendiumlibidinis,
3094 521 3339 589 luxnrize,
3361 524 3632 594 superbia:
3674 532 3733 579 et
3753 541 3863 580 ava—

2285 589 2421 643 ritize
2442 588 2626 663 fugere
2640 589 2671 663 ?_
2688 590 2890 657 Quibus
2919 601 2979 663 et
3018 594 3356 661 pnecipimur
3382 588 3484 648 non
3510 605 3669 649 retro
3707 599 3857 663 respi-

2284 674 2410 733 cere
2430 700 2446 724 ,
2477 660 2599 728 quia
2627 660 2801 733 vietor
2821 662 3002 733 mundi
3022 660 3087 716 et
3106 672 3339 717 montem
3369 674 3562 719 sanctae
3596 660 3859 733 religionis

2288 729 2558 803 ingressus
2579 770 2593 794 ,
2623 730 2931 803 nonAdebet
2966 740 3107 785 retro
3147 734 3435 801 respicere.
3486 729 3861 803 Quarefoeia

2285 800 2478 854 melius
2528 807 2672 876 esset
2713 799 2851 853 viam
2898 803 3136 876 veritatis
3166 799 3280 876 non
3322 799 3657 876 agnoscere,
3719 799 3861 876 quam

2286 879 2409 947 post
2436 869 2667 937 agnitum
2699 880 2842 947 retro
2862 872 3049 947 abire.
3080 872 3216 941 Quid
3230 881 3327 947 est
3352 874 3562 947 dicere,
3593 876 3705 929 nisi
3736 869 3863 947 quod

2286 940 2476 993 melius
2498 949 2660 1005 esset,
2694 940 2834 1010 quod
2862 941 2916 995 in
2946 943 3050 996 vita
3084 943 3326 998 saeculari
3356 954 3410 998 et
3441 946 3609 999 laicali
3640 940 3863 1001 mansis-

2286 1021 2405 1073 set,
2435 1024 2595 1078 quam
2646 1011 2980 1078 postmodum
3024 1013 3313 1068 solitariam
3364 1017 3525 1068 vitam
3559 1016 3864 1071 desereret?

2286 1080 2602 1147 Apostatare
2633 1081 2775 1134 enim
2818 1097 3047 1151 nequam
3079 1090 3193 1148 est,
3219 1085 3445 1139 mortale
3467 1094 3547 1139 est
3568 1126 3583 1149 ,
3620 1102 3751 1141 cum
3777 1088 3863 1141 da-

2285 1151 2557 1203 mnatione
2604 1165 2817 1219 semper
2851 1152 3031 1207 vivere
3066 1161 3167 1205 est.
3191 1152 3351 1207 Tales
3382 1155 3527 1209 enim
3562 1157 3781 1212 femina:
3816 1170 3863 1212 et

2286 1221 2434 1296 uxori
2461 1220 2560 1273 Lot
2592 1230 3001 1296 comparantur,
3031 1224 3151 1292 quia
3199 1224 3522 1296 morientes.
3543 1237 3697 1281 retro
3731 1230 3859 1296 aspi-

2283 1291 2506 1369 cientes,
2535 1301 2920 1345 convertuntur
2957 1293 3009 1369 in
3040 1291 3267 1369 Statuam
3302 1294 3452 1348 salis.
3494 1295 3589 1351 Lot
3615 1291 3859 1369 precipe

2287 1371 2372 1434 tur
2397 1369 2454 1434 ut
2481 1361 2793 1434 intuentem
2812 1376 2871 1415 se
2890 1363 3098 1434 salvum
3129 1362 3304 1428 faciat,
3336 1381 3430 1433 per
3448 1381 3599 1434 quem
3618 1361 3856 1422 contem-

2288 1430 2479 1498 plativa
2511 1431 2613 1483 vita
2649 1430 2975 1501 designatur.
3012 1432 3094 1486 Tu
3129 1448 3291 1498 vero,
3322 1430 3482 1489 homo
3501 1477 3519 1501 ,
3543 1438 3776 1491 ascende
3804 1439 3847 1491 in

2285 1508 2521 1553 montem
2551 1500 2896 1569 pmnitentize,
2923 1501 3151 1556 ascende
3177 1505 3229 1556 in
3260 1500 3715 1561 montem’divinae
3742 1524 3855 1562 coo-

2287 1570 2663 1641 templationis.
2690 1571 2744 1624 in
2776 1570 2917 1624 hunc
2937 1584 3170 1626 montem
3198 1581 3250 1626 te
3270 1575 3476 1627 salvum
3508 1576 3599 1641 fac,
3631 1578 3687 1630 in
3717 1578 3852 1631 hunc

2286 1640 2786 1713 montemvolando
2812 1642 3127 1711 transmigra
3164 1643 3301 1697 sicut
3344 1660 3553 1713 passer,
3577 1640 3624 1700 et
3651 1647 3850 1703 ibidem

2284 1710 2693 1784 salvaﬂanimam
2716 1719 2857 1784 t_ua_m
2884 1713 3026 1784 curis
3046 1710 3107 1766 et
3129 1714 3307 1766 smeuli
3339 1710 3586 1784 dignitate
3610 1716 3848 1771 denuda-

2287 1788 2389 1833 tus.
2421 1780 2510 1834 Sic
2536 1781 2678 1834 enim
2721 1782 2845 1834 fecit
2886 1781 3153 1847 gloriosus
3196 1783 3285 1838 ille
3322 1780 3625 1841 adolescens
3648 1787 3847 1841 Natha-

2285 1851 2405 1927 nael
2426 1851 2523 1917 (a),
2542 1851 2737 1927 dequo
2766 1851 2958 1927 legitur
2983 1869 2997 1904 :
3024 1855 3099 1905 ait
3129 1853 3307 1927 enim.
3340 1854 3604 1927 Magister,
3625 1857 3746 1927 quid
3764 1862 3843 1925 [a-

2283 1921 2432 1980 ciam.
2471 1931 2520 1974 ut
2547 1923 2754 1974 habeam
2777 1923 2929 1974 vitam
2955 1925 3230 1976 aeternam?
3256 1925 3351 1978 Ctti
3380 1921 3661 1980 Dominus}
3690 1927 3750 1981 Si
3764 1921 3843 1982 ris

2283 1990 2352 2041 ad
2371 1992 2521 2044 vitam
2545 1991 2761 2063 ingredi.
2784 2008 2923 2045 serva
2945 1992 3203 2063 mandata.
3232 1993 3331 2046 Cui
3353 1996 3651 2052 adolescens
3678 2016 3691 2050 :
3714 1998 3839 2063 Qua:

2282 2071 2399 2113 sunt
2421 2060 2695 2114 mandata?
2718 2060 2825 2134 Cui
2843 2062 3095 2115 Dominus
3128 2081 3141 2115 :
3175 2062 3370 2134 Diliges
3392 2064 3655 2120 Dominam
3679 2060 3831 2120 Deum

2285 2139 2423 2207 tuum
2462 2147 2537 2207 ex_
2558 2140 2664 2207 toto
2705 2133 2867 2207 wide
2896 2140 2982 2207 tuo
3003 2174 3016 2195 ,
3045 2148 3145 2185 non
3185 2133 3515 2207 homicidium
3547 2138 3717 2207 facies.
3738 2154 3833 2190 non

2284 2201 2615 2275 adulterabis,
2643 2217 2743 2254 non
2768 2202 2919 2270 facies
2947 2204 3157 2271 furtum.
3180 2219 3283 2257 non
3307 2205 3497 2275 falsum
3523 2201 3829 2260 testimonium

2283 2271 2439 2333 dices,
2472 2272 2670 2346 honore
2698 2282 2889 2346 patrem
2918 2281 3058 2325 tuum
3090 2283 3146 2346 et
3179 2271 3390 2328 matrem
3414 2285 3585 2340 tuam,
3604 2288 3645 2331 et
3668 2279 3826 2346 proxi-

2283 2356 2421 2393 mum
2453 2352 2594 2394 tuum
2629 2340 2756 2394 sicut
2784 2352 2831 2395 te
2872 2342 3059 2412 ipsum.
3089 2343 3210 2397 "me
3237 2346 3417 2399 omnia
3456 2346 3523 2399 ad
3550 2340 3679 2401 luam
3704 2348 3823 2401 viam

2286 2412 2571 2478 pertinent.
2601 2412 2697 2464 Cui
2728 2412 2863 2466 dixit
2898 2412 3245 2467 adolescens:
3275 2413 3529 2478 Domine,
3555 2417 3652 2470 haec
3672 2420 3823 2469 omnia

2283 2481 2527 2552 custodivi
2547 2497 2590 2552 ia
2614 2482 2869 2550 iuventute
2906 2499 3015 2536 mea
3039 2497 3058 2535 :
3097 2485 3220 2552 quid
3254 2485 3384 2539 mihi
3417 2485 3603 2541 deest?
3624 2487 3712 2542 Cui
3739 2488 3827 2540 Do-

2284 2551 2459 2625 minus
2486 2568 2498 2603 :
2533 2551 2592 2605 Si
2616 2552 2690 2625 vis
2711 2554 2959 2622 perfectus
2984 2569 3089 2607 esse
3105 2551 3124 2619 ,7
3144 2554 3498 2625 υετιιάείοιιιιιὶα
3528 2574 3633 2625 qua!
3656 2559 3823 2619 habet,

2283 2631 2330 2672 et
2357 2620 2424 2673 ila
2454 2620 2757 2691 pauperibus
2776 2620 2862 2680 {et
2892 2638 3097 2688 sequere
3122 2640 3199 2678 me
3236 2624 3450 2691 (Matth.
3496 2620 3582 2680 xix
3600 2670 3614 2691 ,
3639 2627 3823 2689 ιιι-ει).

2285 2691 2350 2745 Ει
2373 2700 2585 2745 secutus
2612 2692 2893 2767 BSI‘JCSUIII
2924 2692 3361 2767 adolescensille
3383 2697 3485 2767 (ιι),
3511 2706 3563 2751 et
3585 2714 3824 2767 nunquam

2285 2770 2431 2815 retro
2476 2762 2808 2830 postmodum
2826 2764 3122 2836 respiciens
3137 2805 3152 2827 ,
3175 2765 3394 2833 reliquit
3420 2762 3615 2836 patrem
3637 2762 3825 2821 et'tna—

2287 2840 2420 2885 trem
2445 2841 2500 2887 et
2539 2847 2786 2891 uxorem.
2815 2833 2950 2887 ﬁlios
2979 2845 3034 2887 et
3059 2849 3296 2898 sorores,
3327 2847 3382 2890 et
3410 2833 3630 2891 antmam
3666 2852 3822 2891 suam.

2284 2900 2434 2955 Tunc
2460 2902 2690 2971 prudens
2732 2902 3042 2957 adolescens
3072 2914 3307 2959 montem
3337 2907 3431 2960 Dei
3453 2908 3671 2961 ascendit
3697 2950 3713 2969 ,
3734 2907 3822 2961 So-

2285 2971 2495 3042 domam
2535 2980 2590 3027 et
2614 2973 2965 3027 Cntnorrltam
3011 2974 3255 3042 reliquit,
3286 2976 3583 3031 incendium
3618 2978 3827 3032 libidinis

2287 3041 2449 3107 fugit,
2477 3058 2658 3095 curam
2699 3044 2879 3096 smeuli
2917 3041 3192 3097 sulfoeavit
3215 3085 3228 3100 .
3257 3055 3312 3099 et
3357 3059 3587 3102 montem
3629 3064 3825 3101 summa:

2284 3113 2750 3186 contemplationis
2779 3113 3072 3166 ascendens
3092 3156 3108 3177 ,
3135 3116 3264 3168 emit
3292 3117 3342 3168 in
3374 3132 3506 3186 agro
3549 3119 3820 3171 thesaurum

2286 3182 2675 3247 absconditum,
2703 3182 2918 3236 charum
2942 3197 3064 3237 eum
3098 3194 3283 3239 tenens
3311 3187 3364 3240 in
3388 3182 3493 3241 vita
3518 3203 3625 3242 sua.
3648 3188 3822 3243 Simili-

2288 3261 2370 3322 ter
2400 3253 2498 3305 ilOt’
2521 3253 2659 3307 idem
2692 3251 2814 3306 fecit
2842 3253 3062 3319 Petrus,
3094 3256 3303 3322 quando
3346 3257 3633 3312 voluntarie
3665 3259 3819 3311 omnia

2287 3321 2541 3387 deseruit,
2572 3323 2749 3375 omnia
2777 3323 3102 3392 relinquens,
3125 3335 3177 3377 et
3205 3336 3420 3381 secutus
3446 3339 3526 3381 est
3544 3328 3729 3383 Jesum.
3751 3328 3823 3380 Sit:

2288 3402 2341 3446 et
2364 3392 2523 3446 Maria
2555 3393 2641 3445 illa
2674 3393 2854 3447 Lazari
2885 3410 3038 3447 soror
3057 3435 3070 3456 ,
3102 3410 3221 3448 cum
3250 3395 3451 3450 Lazaro
3481 3398 3629 3452 fratre
3661 3414 3756 3452 suo
3780 3406 3820 3452 et

2290 3462 2450 3518 Maria
2478 3464 2681 3534 virgine
2712 3462 3136 3529 prudentissima,
3164 3467 3376 3534 quando
3406 3469 3576 3521 omnia
3601 3468 3821 3522 vendide-

2290 3542 2433 3605 runt,
2465 3542 2530 3605 et,
2547 3533 2771 3605 pretium
2797 3544 2919 3587 ante
2945 3534 3105 3601 pedes
3133 3536 3509 3604 Apostolorum
3548 3547 3817 3605 posuertmt.

2289 3602 2382 3658 Sic
2409 3612 2464 3658 et
2493 3604 2624 3657 Elia:
2651 3602 2824 3657 facere
2855 3604 3051 3673 placuit
3075 3647 3088 3668 ,
3118 3602 3389 3660 ρι’]οίιιιιιί
3417 3602 3668 3661 Zacharize
3695 3608 3818 3669 tilio,

2293 3673 2506 3742 quando
2529 3688 2767 3728 eretnum
2799 3673 3145 3728 intraverunt.
3183 3676 3272 3730 Sic
3297 3686 3353 3731 et
3385 3678 3573 3732 Paulus
3596 3694 3701 3733 cum
3730 3679 3821 3729 Au.

2284 3745 2440 3798 tonio
2463 3785 2477 3807 ,
2509 3743 2723 3812 quando
2752 3744 2904 3797 annis
2940 3745 3119 3800 multis
3156 3761 3396 3801 eremum
3433 3749 3707 3803 coluerunt.
3748 3746 3821 3801 Sic

2292 3823 2348 3885 et
2373 3813 2561 3885 fratres
2588 3814 2714 3885 mei,
2741 3815 2828 3883 qui
2850 3823 3152 3885 sanctorum
3182 3827 3393 3885 patrum
3415 3818 3571 3872 vitam
3600 3828 3645 3872 et
3665 3833 3821 3871 exem-

2294 3883 2379 3957 pla
2407 3884 2599 3957 imitari
2629 3892 2683 3937 et
2717 3884 2874 3957 sequi
2904 3883 3214 3957 foluertmt‘.
3263 3886 3526 3957 Numquid
3555 3903 3643 3943 nos
3678 3889 3819 3940 etiam

2295 3953 2398 4008 hoc
2423 3954 2561 4008 idem
2594 3954 2879 4022 Optamus?
2902 3954 3107 4009 Etenim
3156 3956 3209 4010 iu
3237 3953 3436 4011 saeculo
3475 3972 3676 4012 sumus:
3701 3972 3821 4011 sem-

2296 4039 2392 4094 per
2412 4034 2607 4089 tamen,
2631 4033 2687 4077 ut
2717 4024 3049 4093 inempimus,
3072 4026 3341 4080 vobiscum
3371 4029 3422 4080 in
3440 4027 3703 4082 solitudine
3722 4040 3819 4081 δερ

2294 4093 2678 4167 desideramus,
2708 4103 2763 4167 et
2788 4094 3115 4167 Ostendimus
3139 4111 3318 4162 Opere,
3343 4098 3552 4167 quando
3575 4096 3819 4167 episcopali

2296 4164 2533 4237 Ecclesia
2563 4164 2915 4237 gravatinon
2947 4165 3156 4237 fuimus.
3191 4168 3282 4220 Eia
3319 4164 3480 4237 ergo,
3513 4164 3719 4234 fratres,
3739 4164 3820 4235 pro

2298 4234 2406 4289 Deo
2442 4235 2569 4303 jugo
2596 4234 2688 4288 Dei
2715 4235 2963 4304 submissi
2993 4237 3153 4300 estis,
3182 4246 3240 4290 ut
3264 4234 3469 4292 sublata
3499 4240 3691 4293 licentia
3717 4250 3819 4304 pec-

2295 4305 2447 4358 candi
2478 4314 2663 4375 catena
2707 4303 3105 4375 obedientitnin
3150 4309 3426 4375 proposito
3468 4308 3603 4363 bono
3639 4303 3818 4362 retineri

2296 4375 2529 4444 possitis.
2561 4374 2665 4430 Sed
2703 4374 2959 4429 attendite
2982 4416 2997 4440 ,
3026 4374 3215 4430 fratres
3241 4374 3343 4432 mei
3389 4389 3445 4432 et
3472 4379 3643 4433 ketitia
3674 4376 3819 4431 cordis

2297 4447 2399 4517 mei
2421 4486 2435 4511 ,
2458 4444 2769 4517 quod_nihil
2812 4446 3019 4517 prolicit
3047 4445 3180 4500 bene
3218 4448 3427 4517 operari
3462 4464 3527 4503 ex
3554 4449 3816 4517 contione.
3904 4444 3905 4499 ἰ

2296 4515 2397 4569 nisi
2436 4531 2501 4569 ex
2544 4514 2815 4568 voluntate
2852 4515 3016 4570 libera
3060 4514 3283 4572 faciatis.
3317 4518 3417 4584 Qui
3446 4520 3586 4572 enim
3622 4522 3739 4572 bene
3759 4516 3817 4568 fa-

2296 4587 2661 4667 ciuntcoaﬂete,
2695 4586 2802 4639 Deo
2847 4600 2954 4639 non
2985 4595 3113 4667 sunt_
3144 4599 3361 4667 accepta
3385 4605 3527 4667 _qu;e
3555 4588 3758 4649 faciunt,
3779 4593 3818 4638 et
3904 4612 3905 4667 ᾖ

2296 4654 2497 4727 Simoni
2537 4655 2799 4727 Cyrenen,
2827 4670 2985 4723 quem
3013 4655 3184 4710 Judtei
3218 4654 3622 4727 angaria'vernnt
3656 4668 3818 4711 utcru.
3904 4654 3905 4675 ’

2297 4739 2412 4796 cem
2439 4725 2632 4780 Christi
2653 4734 2906 4795 portaret,
2933 4727 3133 4794 optime
3152 4725 3547 4796 comparantur.
3571 4731 3694 4783 Ecce
3708 4727 3816 4781 enim

2298 4794 2481 4868 Simon
2504 4794 2713 4868 crucem
2747 4805 2919 4864 portat
2953 4811 3073 4868 cum
3100 4794 3316 4864 dolore,
3344 4800 3467 4868 quia
3500 4815 3603 4854 non
3638 4800 3818 4853 libenter

2296 4864 2501 4936 pdrtat;
2533 4866 2853 4936 angariatur,
2882 4865 2975 4920 sed
3004 4882 3108 4921 non
3138 4864 3377 4922 moratur
3399 4871 3452 4923 in
3482 4886 3581 4924 ea:
3611 4869 3714 4922 ideo
3737 4880 3815 4919 non

2299 4935 2694 5007 perseverando
2718 4935 2894 5007 fugit,
2927 4946 2981 4990 et
3004 4937 3121 4991 sine
3160 4938 3330 4992 fructu
3362 4954 3392 4992 a
3422 4954 3579 4995 cruce
3619 4936 3816 4994 recedit:
3904 4938 3905 5003 ἶ

2298 5007 2418 5075 quia
2446 5006 2574 5059 nihil
2606 5006 2741 5077 boni
2756 5006 2966 5071 dicitur,
2990 5008 3092 5060 nisi
3119 5022 3288 5077 usque
3303 5008 3370 5063 ad
3405 5019 3625 5065 mortem
3647 5010 3690 5062 iu
3709 5009 3817 5061 bono

2299 5085 2691 5150 perseveretur.
2719 5076 2814 5150 Sic
2824 5085 2885 5150 _et
2912 5091 3010 5150 nos
3033 5076 3406 5150 crucifigamus
3436 5095 3648 5150 corpora
3672 5086 3814 5150 nostra

2296 5143 2638 5220 verberibus,
2675 5146 2899 5220 vigiliis,
2924 5143 3243 5202 abstinentia
3283 5164 3423 5204 esca:
3454 5161 3508 5204 et
3532 5143 3703 5220 'potus.
3736 5143 3813 5199 Sed
3904 5143 3905 5220 ᾗ

2299 5218 2461 5293 timeo
2490 5233 2557 5271 ne
2578 5224 2748 5293 coacti
2776 5217 2878 5293 hoc
2912 5232 3164 5293 agamus,
3190 5230 3245 5271 et
3272 5234 3499 5293 corpora
3535 5217 3811 5293 macerantes

2297 5288 2497 5341 mundo
2539 5289 2725 5341 saltem
2773 5287 3041 5342 voluntate
3068 5287 3324 5343 vivamus.
3366 5289 3529 5355 Ideo,
3559 5287 3804 5343 fratres.in

2297 5357 2439 5413 hunc
2480 5367 2713 5412 montem
2752 5357 3068 5428 obedientiaa
3105 5360 3484 5426 aseeudamus,
3506 5369 3560 5415 et
3584 5358 3703 5428 quod
3727 5355 3803 5428 ilco

2299 5428 2682 5502 promisimus,
2700 5427 3056 5502 attendamus.
3077 5428 3234 5502 _Nihi_l
3265 5439 3345 5484 est
3369 5432 3508 5502 enim
3537 5426 3685 5502 nuijns
3706 5426 3800 5502 olnt;-

2296 5498 2531 5576 dientia,
2557 5499 2705 5576 nib_il_
2725 5498 2881 5576 pejus
2901 5498 3276 5576 inobedientia.
3311 5500 3497 5576 Mam
3520 5500 3688 5576 periit:
3710 5498 3794 5576 quia

2296 5568 2608 5624 inobediens
2636 5566 2736 5622 fuit
2762 5587 2775 5623 :
2801 5568 3042 5623 Christus
3067 5570 3388 5637 resurrexit,
3416 5566 3535 5639 quia
3564 5567 3682 5622 Patri
3705 5566 3793 5617 obe-

2342 5707 2430 5780 .(a)
2463 5715 2558 5756 noc
2591 5719 2769 5757 nomen
2806 5711 2998 5757 tacente
3033 5706 3271 5768 Scriptura
3308 5718 3402 5756 non
3436 5705 3648 5754 divinaret
3678 5708 3787 5759 ινξιπ-

2291 5776 2757 5896 εωἳιιδδῖιοιιιιιιιὶιιιιι
2780 5828 2931 5879 innuit
2947 5827 3200 5890 saniora.
