3934 6400
133 362 334 422 1505
1120 361 1212 418 AD
1249 359 1564 418 FbATRES
1603 359 1668 414 IN
1699 361 1928 422 EREMO
1966 367 2191 426 SERMO
2228 369 2468 425 XXXIX.

136 478 361 532 modo
399 477 658 532 revelatur
681 476 870 541 ntlux,
901 474 1387 546 quomodoassistit
1415 484 1472 530 ut
1498 477 1684 544 pietas.
1706 475 1790 538 Et

136 548 346 613 ideo,
394 547 579 601 fratres
622 547 759 612 mei,
791 545 1040 615 quamdiu
1072 547 1123 598 in
1167 545 1263 600 hac
1312 546 1518 598 infirma
1551 556 1603 600 et
1641 562 1774 600 vana

142 619 288 672 vita
330 618 619 676 fuerimus,
638 615 774 672 hanc
799 616 1109 682 sapientiam
1148 615 1354 670 discere
1375 625 1428 668 et
1454 630 1640 682 sapere
1669 625 1776 670 tota

144 697 386 743 mente
423 701 689 742 curemus.
721 685 856 752 Quid
891 685 1032 738 enim
1065 685 1223 738 homo
1248 685 1362 738 sine
1391 685 1579 738 litteris
1615 701 1774 749 repn-

146 767 338 811 tatur
365 758 398 810 ?
425 756 556 824 Quid
585 757 726 810 enim
756 756 868 810 est?
895 753 1173 824 Numquid
1202 771 1306 807 non
1337 769 1498 821 pecus
1541 755 1624 808 vel
1671 755 1780 808 hze-

148 827 333 881 dus?
371 823 642 895 Numquid
686 840 790 879 non
839 824 936 879 bos
973 824 1056 878 vel
1102 823 1336 895 asinus?
1366 824 1622 890 Numquid
1672 840 1776 879 non

150 913 376 966 equus
409 897 486 950 vel
512 893 708 966 multis,
735 895 924 964 quibus
954 909 1057 948 non
1088 902 1169 966 est
1195 893 1528 966 intellectus?
1561 895 1654 947 Eia
1679 895 1778 964 igi-

154 964 290 1030 tur,
332 966 563 1026 fratres,
599 965 688 1033 qui
736 975 973 1034 pastores
1004 964 1336 1034 rationalium
1367 965 1543 1034 ovium
1577 979 1786 1018 nuncu-

157 1036 439 1106 pamini,
467 1034 712 1106 festinate
739 1033 925 1102 rapere
947 1049 1049 1088 non
1069 1033 1406 1106 sophismata
1417 1033 1776 1106 Paganorum,

155 1101 290 1160 ilon
320 1105 572 1160 carmina
602 1101 869 1173 poetarum
893 1146 905 1167 ,
931 1119 1034 1158 non
1063 1103 1303 1173 fallacias;
1322 1101 1778 1170 philosophorum,

161 1175 246 1231 de
277 1176 499 1246 quibus
529 1171 774 1246 doctores
799 1184 858 1246 et
877 1175 1148 1246 auditores
1178 1171 1434 1246 reddituri
1466 1174 1780 1246 sunt_ratio-

162 1243 358 1310 ueni;
396 1244 494 1299 sed
526 1244 668 1298 illam
724 1244 1081 1297 dulcissimam
1127 1243 1438 1311 sapientiam
1497 1243 1782 1309 sapientia-

159 1331 335 1379 rum,
372 1330 499 1384 qum
525 1313 949 1384 hmreditasiDei,
995 1323 1048 1367 et
1064 1313 1295 1384 ﬁliorum
1327 1311 1442 1381 ejus
1465 1311 1622 1366 chara
1662 1327 1780 1384 pos-

3337 376 3469 432 1306

1886 483 2126 555 curavit?
2172 484 2298 551 quid
2347 493 2457 539 toto
2485 484 2672 540 all'ectu
2719 490 3060 555 concupivit"
3107 490 3342 548 Uxorem
3383 494 3466 547 vel

1884 551 2235 624 concubinam
2255 563 2408 606 caute
2431 563 2630 618 tenere,
2653 571 2818 624 equos
2842 551 2983 614 velut
3010 563 3160 617 miles
3181 564 3233 616 in
3261 563 3468 617 stabulo

1886 621 2190 701 possidere,
2244 636 2403 677 canes
2448 638 2544 692 pro
2582 621 2868 701 venatione
2911 632 3132 701 nutrire,
3181 633 3466 700 accipitres

1885 691 2154 768 custodire
2189 709 2202 744 :
2235 701 2288 745 et
2316 691 2490 768 tamen
2515 693 2657 768 velut
2683 710 2850 768 equus
2877 707 2928 749 et
2949 691 3128 752 mulus
3147 691 3335 768 quibus
3359 717 3462 754 non

1885 769 1968 830 est
1997 761 2311 818 intellectus.
2340 764 2485 829 cupit
2515 761 2760 818 honorari
2806 766 2858 818 in
2885 768 3052 821 caenis
3072 809 3086 830 ,
3120 761 3176 822 et
3199 771 3265 823 ab
3293 770 3465 824 homio

1886 828 2041 882 nibus
2067 828 2459 903 vocariARabbi.
2513 833 2648 903 Ecce
2682 834 2950 903 quomodo
2992 828 3134 889 cadit
3179 839 3461 902 sacerdos,

1886 900 2300 978 eccequompdo
2329 901 2476 978 vivit.
2505 901 2611 956 Sed
2638 900 2714 957 et'
2733 903 2776 957 si
2802 904 2942 978 cadit
2969 907 3056 974 qui
3089 906 3186 978 sibi
3219 900 3464 978 columna

1886 967 2487 1048 ridebatucin‘tempio,
2535 982 2730 1048 quanto
2769 973 2936 1048 magis
2966 967 3188 1048 tiopulus
3230 977 3465 1044 peribit?

1886 1035 1938 1090 Si
1982 1037 2116 1113 D_eu_s
2165 1035 2610 1113 i_n_Ang_el_is:su'is
2651 1035 3245 1113 reperit'piavi'tatemf
3269 1057 3467 1113 quanto

1889 1109 2054 1184 magis
2080 1109 2130 1184 in
2178 1109 2384 1184 his_qui_
2410 1109 2644 1164 habitant
2663 1109 2850 1184 domos
2880 1109 3074 1184 luteas,
3097 1125 3150 1167 et
3175 1115 3263 1184 qui
3288 1109 3461 1172 terre-

1889 1191 2013 1253 num
2043 1178 2236 1231 habent
2261 1178 2691 1253 fundamentum?
2709 1183 2898 1253 Discite
2926 1198 3052 1252 ergo
3069 1178 3259 1253 legem,
3287 1200 3464 1239 sacer-

1887 1245 2059 1321 dotes,
2097 1265 2161 1300 ne
2190 1247 2351 1321 surdo
2385 1250 2731 1304 maledicalis.
2765 1251 2914 1306 Tunc
2945 1245 3104 1306 surdo
3121 1245 3462 1321 inaledicitis,

1887 1317 2096 1390 quando
2124 1318 2660 1390 consiliumupropter
2691 1321 3036 1390 ignorantiam
3067 1323 3195 1378 dare
3223 1317 3460 1378 nescitis.

167 1387 379 1440 sessio
398 1383 760 1452 nuncupatur.
792 1383 914 1436 llarc
936 1391 1016 1437 est
1042 1383 1127 1437 illa
1157 1383 1396 1436 doctrina
1423 1396 1582 1451 super
1606 1383 1782 1452 omnia

166 1454 500 1524 diligenda,
544 1451 700 1523 quam
745 1453 1021 1524 Prophette
1059 1452 1636 1524 prmdixeruntéquam
1677 1451 1781 1506 Pa-

167 1520 460 1580 triai'cliaa
487 1520 739 1577 divinitus
768 1520 1075 1587 hauserunt,
1108 1537 1262 1590 quam
1296 1522 1384 1574 Dei
1417 1520 1600 1580 Filius,
1634 1529 1780 1588 post-

169 1611 360 1666 quam
397 1595 454 1648 in
485 1595 636 1666 terris
674 1594 818 1666 visus
857 1603 1066 1666 et_cum
1096 1590 1398 1666 hominibus
1429 1601 1782 1666 eonversatus

169 1659 265 1720 est
291 1707 309 1730 ,
344 1664 569 1730 aperuit
593 1671 646 1716 et
671 1662 957 1716 declaravit
977 1703 990 1722 ,
1019 1671 1072 1716 et
1101 1662 1224 1727 quid
1253 1659 1536 1714 tenendum
1575 1667 1627 1713 et
1657 1660 1781 1726 quid

166 1735 488 1789 vitandum
506 1733 835 1801 apertissime
861 1732 1260 1795 demonstravit,
1294 1738 1346 1782 et
1371 1745 1468 1801 per
1497 1743 1620 1782 suos
1642 1731 1784 1798 Apo-

173 1807 366 1859 stolos
403 1817 505 1857 nos
537 1798 702 1871 ipsam
731 1801 968 1855 docendo
1020 1801 1360 1871 illuminavit.
1394 1798 1518 1871 llaec
1559 1808 1641 1852 est
1663 1815 1782 1871 qua:

174 1889 287 1928 nos
330 1873 507 1926 docet
531 1867 709 1926 amare
736 1872 990 1935 cmleStia,
1023 1880 1076 1925 et
1101 1883 1304 1924 terrena
1331 1868 1623 1937 despicere.
1661 1867 1783 1922 Ηωε

175 1953 269 1999 est.
299 1950 492 1996 mater
523 1941 776 2006 fidelium,
805 1957 920 2009 qua:
946 1940 1177 2008 quotidie
1202 1939 1359 1993 docet
1383 1954 1481 1992 nos
1519 1939 1782 2009 quomodo

178 2013 493 2068 credamus
518 2012 679 2064 Deum
708 2008 832 2065 esse
851 2011 1290 2078 omnipotentem,
1326 2009 1588 2076 quomodo
1610 2008 1781 2076 ipsum

179 2084 515 2136 videbimus
545 2081 596 2135 in
639 2080 765 2134 sede
804 2082 1092 2145 tnajestatis
1139 2080 1468 2142 venientem,
1518 2078 1783 2146 quomodo

179 2153 355 2207 bonis
389 2153 535 2205 bona
566 2162 619 2206 et
641 2150 792 2203 malis
815 2151 952 2203 mala
979 2150 1295 2203 tribuentem
1324 2147 1634 2200 videbimus.
1659 2147 1785 2202 [ltro

183 2233 274 2276 est
301 2224 536 2276 lucerna
580 2221 768 2289 pedum
800 2231 1121 2282 nostrorum,
1146 2231 1200 2273 et
1230 2219 1312 2270 via
1343 2217 1528 2270 salutis
1551 2227 1744 2289 nostrte
1764 2258 1779 2282 ,

185 2294 240 2345 in
276 2307 392 2360 qua
431 2288 742 2345 instruimur
761 2289 1026 2358 quomodo
1041 2289 1214 2358 primo
1239 2289 1399 2341 Deum
1429 2288 1779 2360 superomnia

187 2357 528 2430 diligamus,
581 2357 846 2431 quomodo
889 2357 1120 2412 animam
1166 2365 1401 2431 nostrain
1444 2357 1782 2431 postmodum

186 2427 334 2486 sicut
366 2427 522 2501 quid
555 2427 897 2500 propinquius
917 2470 949 2501 ,_
983 2428 1274 2501 quomodo_
1303 2427 1638 2493 postmodum
1668 2427 1782 2479 ani-

187 2518 337 2556 mam
388 2496 670 2570 proximi,
723 2496 1010 2570 quomodo:
1037 2496 1371 2567 postmodum
1417 2511 1608 2570 corpus
1662 2511 1783 2570 pro-

190 2566 417 2641 prium,
450 2566 1103 2641 quomodo'postmodum
1156 2580 1347 2641 corpus
1373 2567 1599 2641 proximi
1640 2566 1785 2641 velut

191 2634 796 2708 nostrum-diligamus.
840 2639 942 2693 Iste
965 2646 1047 2692 cst
1087 2637 1226 2693 enim
1257 2634 1781 2708 'perfectusumodus,

194 2713 397 2773 Deum,
430 2726 534 2764 nos
562 2705 617 2763 et
641 2711 934 2778 proximum
967 2708 1238 2776 diligendi.
1265 2705 1388 2778 Haec
1409 2705 1603 2778 estsilla
1635 2720 1783 2778 sacra

196 2781 498 2850 sapientia,
528 2775 654 2848 quai
675 2796 736 2850 ex
767 2795 859 2832 ore
886 2775 1138 2850 Altissimi
1172 2777 1387 2850 prodiit,
1422 2775 1780 2850 philosophis,

195 2845 875 2918 sophisticis,'astrologis,
899 2849 1121 2903 curiosis
1154 2845 1216 2901 ac
1243 2846 1532 2918 dialecticis
1561 2845 1785 2918 abscon-

196 2914 342 2984 dita;
393 2921 496 2974 scd
525 2919 746 2988 gressis,
780 2914 845 2972 'et
892 2919 1110 2971 rudibus
1150 2914 1782 2988 piscatoribusrevelata.

199 2989 480 3054 Numquid
512 2984 616 3042 non
646 2998 700 3042 et
729 2989 884 3042 hodie
912 2989 1068 3042 etiam
1107 2984 1278 3040 solum
1321 2985 1551 3054 parvulis
1581 2984 1784 3038 revela-

196 3061 320 3114 tur?
360 3054 497 3114 llaec
541 3069 621 3113 cst
667 3059 900 3112 omnium
931 3058 1304 3125 sapientiarum
1331 3065 1384 3108 et
1421 3054 1781 3125 doctrinarum

200 3131 462 3200 magistra
493 3138 545 3183 et
566 3129 799 3200 domina
819 3169 836 3200 ε
875 3123 1176 3200 quinetiam
1205 3140 1301 3179 nos
1330 3125 1519 3189 docet,
1549 3123 1784 3200 exterius

198 3194 456 3265 blandos,
493 3199 784 3252 ctiuterius
814 3194 1175 3251 fraudulentos
1190 3210 1528 3265 cognoscere.
1556 3194 1685 3265 ll:c_e
1702 3203 1784 3248 est

197 3263 449 3324 scientia
477 3269 845 3334 scientiarum,
875 3268 1194 3335 Angelorum
1225 3263 1510 3335 ferculum,
1539 3263 1780 3335 Archan-

200 3341 446 3408 gelorum
483 3338 810 3407 pulmentum
837 3378 851 3400 ,
889 3333 1259 3406 Apostolorum
1311 3334 1504 3403 gloria,
1548 3333 1781 3386 Patriar-

201 3408 427 3463 charum
453 3408 666 3469 ﬁducia,
687 3408 1067 3477 Prophetarum
1089 3422 1233 3476 spes,
1253 3413 1542 3477 martyrum
1563 3418 1780 3477 corona,

203 3479 485 3549 virginum
514 3474 808 3549 fortitudo,‘
831 3474 1209 3549 monachorum
1237 3475 1480 3537 refectio,
1508 3474 1783 3549 episcopo-

205 3542 323 3602 rum
356 3548 591 3612 vacatio,
622 3547 955 3602 sacerdotum
983 3547 1282 3611 cellarium,
1322 3557 1604 3613 puerorum
1639 3542 1782 3613 prin-

205 3618 405 3687 cipium
427 3659 442 3681 ,
489 3617 765 3670 viduarum
796 3617 1074 3687 doctrina,
1120 3612 1519 3687 conjugatorum
1553 3612 1784 3687 pulchri-

207 3683 358 3753 tudo,
388 3696 722 3741 mortuorum
764 3686 1084 3740 resurrecﬁo
1103 3727 1118 3749 ,
1145 3686 1432 3740 viventium
1465 3683 1782 3750 sempiterna

211 3758 496 3824 preteetio.
530 3757 654 3810 Haec
674 3766 755 3809 est
783 3772 874 3824 per
903 3771 1058 3824 quam
1090 3757 1190 3810 lide
1214 3769 1485 3816 ornantur,
1517 3768 1610 3820 spe.
1654 3768 1782 3824 conf

211 3822 510 3892 ﬁrmamur,
542 3837 596 3880 et
619 3822 877 3879 charitate
908 3822 1238 3879 roborantur.
1265 3824 1386 3877 Haec
1413 3833 1491 3876 est
1519 3838 1673 3890 quam
1692 3822 1780 3890 qui

212 3895 514 3960 invenerit,
549 3897 777 3950 inveniet
821 3896 1000 3958 vitam,
1029 3909 1081 3950 et
1115 3895 1322 3948 hauriet
1359 3893 1578 3946 salutem
1611 3908 1638 3944 a
1675 3892 1781 3944 Do-

213 3966 374 4019 mino.
416 3967 546 4021 Haec
583 3975 664 4020 est
693 3966 892 4019 labrum
926 3965 1092 4034 pelvis
1119 3979 1274 4032 quam
1301 3963 1510 4034 Moyses
1530 3961 1700 4034 posuit
1729 3960 1780 4015 iu

216 4035 594 4096 tabernaculo,
630 4038 681 4088 in
709 4051 812 4104 quo
849 4031 1150 4105 lavarentur
1181 4036 1355 4086 Aaron
1391 4031 1464 4105 er
1493 4032 1580 4105 lilii
1607 4031 1778 4105 ejus,

215 4118 333 4175 cum
391 4100 800 4175 ingrederentur
847 4102 1026 4157 sancta
1067 4112 1394 4175 sanctorum.
1435 4100 1538 4175 Sed
1590 4100 1779 4175 dices:

215 4173 346 4244 Quid
377 4169 477 4244 per
499 4190 745 4243 magnum
786 4175 1112 4244 sacerdotem
1146 4175 1318 4226 Aaron
1364 4171 1654 4244 intelligere
1683 4169 1780 4223 de-

215 4241 440 4299 bemus?
471 4241 604 4298 Dico
631 4246 770 4297 enim
819 4245 999 4306 vobis,
1035 4242 1220 4296 fratres
1240 4284 1254 4306 ,
1283 4243 1419 4311 quod
1471 4256 1562 4309 per
1603 4241 1781 4293 Aaron

217 4325 483 4383 summum
533 4315 862 4368 sacerdotem
915 4315 1206 4383 intelligere
1250 4311 1540 4375 debemus,
1575 4317 1648 4383 et
1691 4324 1783 4378 per

219 4381 354 4437 ﬁlios
400 4387 519 4453 ejus
569 4385 701 4436 alios
745 4383 1046 4437 sacerdotes
1085 4379 1329 4453 ininores
1372 4399 1384 4432 :
1430 4396 1526 4450 per
1575 4379 1781 4433 labrum

220 4451 444 4506 teneum‘
478 4456 645 4523 legem
696 4454 897 4506 Domini
932 4453 1192 4521 intelligo,
1225 4451 1277 4523 in
1318 4466 1425 4523 qua
1459 4466 1644 4523 omnes
1674 4458 1780 4523 tam

221 4525 390 4591 magni
417 4520 728 4578 sacerdotes
754 4537 909 4591 quam
951 4520 1114 4591 parvi
1144 4521 1365 4591 studere
1397 4521 1591 4574 debent
1625 4529 1678 4574 et
1706 4520 1784 4574 le-

223 4590 390 4660 gelido
415 4605 470 4646 et
515 4590 849 4646 docendo’ct
877 4590 1039 4660 opere
1069 4590 1407 4660 adimplendo
1441 4609 1453 4644 :
1487 4605 1581 4660 per
1623 4606 1783 4644 mun-

225 4658 399 4714 ditiam
428 4664 692 4730 corporis,
747 4658 1228 4730 compunctionem
1259 4658 1632 4730 intelligamus,
1680 4675 1782 4728 qua

225 4733 458 4786 mundari
489 4729 765 4790 debemus,
809 4729 955 4784 ut'ad
999 4741 1181 4785 sancta
1218 4740 1550 4793 sanctorum,
1586 4729 1634 4782 id
1666 4738 1779 4795 est,

225 4797 289 4868 ad
316 4813 520 4856 secreta
553 4805 640 4854 Ilei
668 4811 719 4855 et
758 4802 1134 4868 scripturarum
1163 4799 1482 4867 penetranda
1515 4814 1607 4867 per
1641 4802 1785 4867 puri-

225 4865 518 4925 ﬁcationem
564 4871 704 4939 digni
749 4865 1094 4924 inveniamur.
1129 4865 1193 4923 Et
1222 4871 1373 4934 ideo,
1408 4865 1597 4922 fratres
1641 4865 1779 4933 inci,

225 4941 476 5014 attendite
515 4953 567 4996 et
597 4941 928 5014 considerate
971 4940 1108 5014 quod
1136 4955 1228 4993 vas
1245 4949 1494 5014 paratum
1529 4939 1783 5014 habemus

227 5009 276 5084 itt
302 5025 404 5076 quo
442 5021 653 5084 Oportet
678 5012 866 5063 mentis
897 5011 1181 5084 foeditatem
1211 5010 1456 5084 abluere,
1488 5018 1540 5061 et
1576 5009 1784 5060 mundi-

230 5079 345 5148 ljam
375 5079 632 5134 mentisiu
656 5097 720 5133 eo
741 5095 1057 5148 praeparare.
1089 5079 1225 5132 Ecce
1243 5079 1382 5132 enim
1415 5079 1494 5131 lex
1523 5088 1700 5148 sancta
1730 5087 1785 5131 et

227 5141 492 5215 Scriptura
521 5141 865 5203 immaculata
885 5160 1062 5217 parata
1091 5160 1191 5211 est,
1214 5157 1270 5200 ut
1297 5149 1576 5200 virtutibus
1602 5147 1666 5200 de
1687 5161 1780 5200 co—

227 5226 417 5270 remur.
450 5219 554 5274 Sed
605 5237 680 5272 va:
713 5219 867 5272 nobis
888 5261 900 5276 .
939 5222 1025 5288 qui
1055 5217 1308 5271 debemus
1335 5233 1451 5270 esse
1482 5217 1781 5288 exemplum

228 5291 592 5355 correctionis,
625 5299 677 5343 et
701 5304 826 5342 ecce
847 5286 1030 5342 sumus
1064 5289 1366 5355 exemplum
1398 5287 1611 5339 erroris.
1638 5286 1785 5341 Unde

230 5349 342 5415 hoc,
373 5359 470 5411 nisi
503 5349 619 5426 quia
659 5359 785 5412 czeci
832 5373 1036 5421 sumus,
1083 5367 1136 5410 et
1166 5349 1338 5409 idi'otze
1372 5357 1673 5426 ignorantes
1706 5356 1784 5409 le-

229 5434 361 5497 gem,
390 5435 443 5478 et
467 5425 582 5480 eam
617 5429 790 5497 legere
821 5427 1148 5491 fastidimus;
1179 5436 1231 5479 et
1263 5425 1782 5497 uitiien__catliedraiu

232 5495 424 5564 tenere,
455 5505 510 5550 et
537 5494 828 5550 animarum
859 5512 1037 5550 curam
1063 5511 1252 5564 gerere
1272 5494 1506 5562 quotidie
1531 5509 1782 5561 procura-

230 5563 380 5614 mus?
417 5566 550 5631 Quid
577 5582 704 5636 ergo
733 5567 946 5636 mirum,
965 5566 1020 5636 si
1042 5563 1182 5619 cadit
1209 5564 1498 5636 sacerdos?
1523 5563 1655 5630 Quid
1682 5563 1784 5636 mi-_

232 5639 339 5702 rum
361 5673 373 5694 ,
405 5636 448 5686 si
481 5653 581 5689 non
626 5632 865 5689 sublevat
893 5634 1292 5702 delinquentes?
1317 5632 1453 5698 Quid
1483 5636 1671 5686 mirum
1692 5674 1706 5695 ,
1739 5633 1784 5686 si

230 5694 329 5772 ψει
365 5717 631 5758 εωεοτιηη
662 5706 780 5759 est?
808 5705 942 5758 Ecce
987 5694 1153 5772 legem
1185 5694 1389 5772 Domini
1432 5694 1780 5769 conculcavit,

231 5763 460 5838 chpexit
487 5791 602 5830 eam
629 5786 682 5830 ut
710 5783 953 5830 mortem.
978 5763 1080 5828 Sed
1107 5771 1233 5841 quid
1257 5772 1478 5828 dilexit?
1503 5772 1626 5841 quid
1655 5763 1776 5841 pro:

1888 1385 1930 1438 Τ
1935 1401 2034 1462 unc
2060 1401 2202 1441 cmeo
2231 1385 2622 1462 _ol_l‘en_diCqum
2669 1385 2895 1457 ponitis,
2935 1393 3143 1460 quando
3188 1393 3315 1448 falsa
3367 1410 3462 1462 pro

1888 1455 2026 1532 veris
2055 1457 2354 1532 ostenditis.
2378 1455 2808 1532 ltaque,_f_rat_res,
2829 1455 2989 1532 nelit'e
3009 1462 3116 1528 jam
3143 1455 3463 1532 pigrescere,

1888 1524 1987 1604 sed.
2006 1525 2162 1595 legite
2181 1524 2537 1604 Scriptorum.
2570 1528 2766 1604 Discite
2791 1524 2926 1604 eam,
2959 1524 3105 1584 ﬁlioli
3126 1524 3154 1596 ,’
3174 1524 3315 1600 εἶρρε
3342 1524 3462 1586 eaui

1889 1593 2044 1673 legite
2063 1593 2226 1673 i__quia
2258 1596 2423 1649 lenior
2451 1597 2589 1662 oleo,
2625 1593 3078 1673 sublimior'auro,
3107 1593 3323 1670 argento
3355 1619 3453 1671 pu-

1889 1664 2013 1738 rior.
2068 1664 2189 1738 ll:_i_sc
2228 1674 2309 1719 est
2334 1682 2449 1738 qua:
2479 1666 2741 1738 praecipue
2793 1669 2842 1721 in
2884 1664 3369 1738 Deum—provocat,
3411 1682 3462 1726 et

1891 1733 2052 1808 Deum
2081 1733 2300 1808 diligere
2333 1733 2533 1808 invitat,
2562 1733 2718 1808 corda
2743 1738 3024 1805 illuminat,
3057 1733 3286 1808 linguam
3314 1733 3461 1808 puri—

1891 1804 2028 1865 licat,
2060 1805 2436 1859 conscientiam
2464 1807 2649 1873 probat
2668 1850 2682 1872 ,
2711 1808 2939 1862 animam
2963 1804 3276 1874 sanctificat,
3302 1804 3462 1864 ﬁdem

1889 1874 2728 1948 conﬁrmat,diabolumrejicit,
2762 1889 3032 1945 peccatum
3078 1881 3300 1948 spernit,
3343 1881 3460 1933 ani-

1889 1956 2002 2013 mas
2047 1943 2259 2008 frigidas
2292 1945 2528 1998 calefacit
2554 1987 2567 2010 ,
2600 1943 2775 2000 lumen
2824 1948 3056 2002 scientia:
3083 1943 3344 2013 ostendit,
3378 1959 3459 2004 tc-

1889 2011 2078 2090 nebras
2108 2013 2412 2090 ignominias
2433 2015 2660 2090 expellit
2682 2016 3003 2090 ,_tristitiam
3032 2019 3212 2090 saeculi
3256 2011 3460 2073 exstin-

1887 2081 2014 2160 gnit,
2034 2081 2284 2160 .la:ti_tiam
2309 2081 2533 2160 Spiritus
2561 2086 2725 2138 sancti
2751 2087 2992 2160 accendit
3015 2129 3029 2152 ,
3055 2087 3250 2160 sitienti
3279 2099 3462 2157 pottnn

1890 2148 2088 2203 tribuit.
2119 2151 2242 2205 [ch
2268 2148 2360 2205 est,
2375 2152 2642 2220 Scriptura
2672 2165 2851 2208 sancta
2880 2157 2961 2210 lex
2992 2148 3169 2210 nostra
3205 2148 3460 2211 immacu-

1889 2220 2015 2294 lata,
2045 2237 2162 2294 qua;
2192 2222 2258 2276 de
2306 2223 2674 2291 insipientibus
2703 2226 2967 2293 sapientes
2995 2226 3134 2288 facit,
3169 2227 3365 2294 primos
3394 2229 3463 2282 de

1889 2292 2200 2362 novissimis
2222 2294 2394 2361 ponit,
2430 2308 2645 2360 magnos
2679 2294 2744 2348 de
2769 2292 3003 2349 minimis
3042 2292 3224 2362 efficit,
3258 2297 3464 2352 nobiles

1887 2360 1953 2435 de
1977 2360 2307 2435 ignobilibus
2343 2372 2662 2435 commutat,
2699 2373 2936 2418 naturam
2983 2364 3185 2432 frenat,
3213 2360 3463 2435 prohibet

1889 2429 2184 2504 levitatem,
2216 2440 2471 2504 temperat
2501 2432 2735 2489 dolorem
2757 2475 2772 2500 ,
2801 2435 3004 2488 confert
3033 2429 3180 2504 spem
3202 2429 3471 2500 [coronat

1888 2513 2091 2564 senem,
2121 2501 2274 2554 docet
2297 2501 2548 2568 juvenem
2572 2544 2584 2566 ,
2620 2504 2824 2572 mitigat
2851 2501 3217 2573 dedignantes,
3250 2505 3462 2559 instruit

1888 2579 2148 2640 errantes,
2181 2581 2331 2622 sanat
2359 2580 2608 2640 :egrotos,
2644 2573 2861 2627 roborat
2888 2574 3141 2638 infirmos,
3175 2575 3354 2628 brutos
3387 2575 3465 2628 fa-

1888 2639 1959 2691 cit
1985 2648 2246 2702 sensatos,
2278 2639 2468 2693 mentis
2495 2642 2835 2697 stabilitatem
2879 2644 3060 2707 donat,
3097 2645 3290 2704 excitat
3315 2660 3463 2697 soni—

1889 2709 2150 2781 nolentos,
2171 2712 2375 2781 otiosos
2395 2710 2651 2781 increpat,
2680 2713 2854 2781 pigros
2884 2714 3094 2778 incitat,
3122 2714 3465 2771 credentibus

1888 2780 2107 2850 gratiam
2152 2779 2279 2845 dat,
2313 2796 2462 2850 reges
2485 2779 2762 2848 liu'iniliat',
2794 2783 3020 2836 humiles
3048 2783 3260 2847 exaltat,
3289 2791 3462 2838 rectas

1888 2850 1998 2922 vias
2025 2849 2247 2922 indicat,
2277 2849 2667 2920 eleemOSynaui
2711 2853 2951 2922 imperat.
2983 2852 3106 2906 llzec
3135 2863 3216 2907 est
3241 2854 3461 2908 scientia

1888 2918 2408 2992 scientiarutnpqua;
2457 2918 2932 2990 sapientiam'dat,
2981 2924 3198 2992 gloriam
3229 2924 3461 2990 exaltat,

1890 2986 2143 3058 honorem
2189 2986 2533 3058 multiplicat,
2571 2986 2953 3058 humilitatem,
2983 2986 3306 3047 ‘charitatem
3332 3034 3347 3058 ,
3387 2986 3463 3046 le;

1890 3057 2126 3122 nitatem,
2154 3059 2505 3114 obedientiam
2533 3071 2585 3114 et
2608 3061 3059 3116 mansuetudinem
3082 3062 3270 3126 docet,
3303 3057 3357 3116 et
3383 3063 3465 3115 in-

1891 3127 2130 3181 tellectus
2157 3129 2324 3183 bonus
2361 3140 2444 3183 est
2491 3131 2736 3186 omnibus
2765 3132 2898 3186 bene
2929 3130 3240 3186 lacicntibus
3261 3142 3314 3186 et
3341 3132 3463 3186 dili-

1888 3198 2128 3265 gentibus
2156 3199 2344 3252 Deuin.
2381 3200 2500 3252 I'lzec
2531 3210 2611 3253 est
2654 3218 2770 3269 qua:
2809 3202 3199 3266 abstinentiam,
3244 3202 3461 3256 castita-

1891 3275 2017 3339 t_cm,
2035 3269 2326 3339 largitatem
2344 3280 2397 3322 ct
2413 3270 2760 3323 voluntariam
2781 3280 3137 3339 paupertatem
3156 3281 3462 3326 conservat.

1889 3336 2165 3391 Postremo
2195 3338 2488 3392 doctrinam
2518 3336 2798 3404 omnibus,
2838 3336 3177 3407 felicitatem,
3227 3340 3461 3395 suavita-

1889 3417 2017 3472 tem,
2046 3407 2255 3476 gaudia,
2289 3409 2628 3463 stabilitatem
2659 3410 2837 3464 cordis
2857 3452 2872 3476 ,
2901 3411 3241 3465 sobrietatem
3271 3426 3463 3476 corpo-

1887 3478 1994 3541 ris,
2023 3480 2481 3546 compuuctionem
2523 3479 2733 3544 mentis,
2767 3495 2944 3534 veram
2976 3479 3323 3534 humilitatem
3361 3479 3462 3534 do-

1890 3558 1998 3609 nat,
2018 3548 2326 3601 charitatem
2358 3549 2643 3602 fraternam
2678 3551 2874 3617 implet,
2908 3559 2963 3604 et
2985 3550 3226 3604 timorem
3255 3551 3464 3605 Domini

1887 3617 2145 3690 accendit.
2172 3618 2526 3690 Quamobrem
2545 3661 2558 3684 ,
2588 3619 2776 3674 fratres
2805 3620 2928 3682 inci,
2959 3621 3058 3690 qui
3089 3621 3222 3674 hanc
3252 3621 3464 3690 sapien-

1889 3687 2010 3760 tiam
2037 3687 2225 3760 diligit,
2257 3697 2311 3742 et
2348 3689 2625 3758 diligenter
2648 3690 2814 3759 legem
2846 3689 3045 3760 implet,
3078 3687 3344 3760 maximus
3367 3705 3463 3744 vo-

1887 3758 2117 3828 cabitur,
2141 3759 2192 3810 in
2219 3773 2382 3827 regno
2430 3758 2724 3826 caelorum,
2754 3769 2807 3814 et
2837 3758 3183 3828 principatum
3211 3759 3469 3815 Ecclesia:

1891 3827 2215 3901 possidebit,
2242 3838 2294 3881 et
2331 3830 2544 3901 praemia
2569 3841 2622 3884 et
2671 3827 2888 3884 munera
2917 3827 3132 3901 copiosa
3161 3831 3382 3900 recipiet
3408 3831 3465 3885 in

1887 3898 1973 3951 die
2001 3897 2308 3951 novissimo.
2337 3899 2527 3951 Amen.

2421 3984 2647 4040 SER-MO
2677 3985 2919 4039 XXXIX.

2123 4093 2189 4130 DE
2218 4091 2337 4130 VITA
2359 4091 2635 4131 εοιιΤΑιιΙΑ
2665 4092 2730 4130 ΕΤ
2756 4091 3214 4132 εοκτεκριλτιη.

1959 4168 2063 4220 Pax
2089 4167 2236 4221 vobis
2256 4209 2270 4232 ,
2323 4165 2535 4230 fratres,
2563 4174 2617 4220 et
2645 4165 2875 4221 charitas
2900 4181 3020 4221 cum
3051 4168 3153 4222 lide
3179 4169 3329 4223 vobis
3353 4185 3460 4227 non

1888 4237 2115 4292 deficiat.
2149 4237 2259 4290 Pax
2287 4237 2456 4302 vobis,
2482 4235 2691 4299 fratres,
2721 4236 2968 4305 quoniam
2997 4237 3154 4291 electi
3184 4239 3314 4292 estis
3339 4249 3463 4294 ante

1887 4307 2067 4361 mundi
2097 4307 2523 4361 constitutionem
2553 4307 2602 4359 in
2637 4305 2737 4360 hac
2767 4313 2909 4359 vasta
2938 4306 3241 4373 solitudine,
3269 4318 3324 4360 ut
3345 4309 3462 4363 sitis

1888 4393 2004 4433 cum
2029 4376 2164 4442 Elia,
2197 4376 2376 4443 Paulo,
2396 4377 2681 4440 llilarione,
2708 4377 2936 4430 Antonio
2965 4386 3016 4430 et
3041 4375 3264 4441 Joanne,
3289 4379 3458 4433 sancti

1888 4456 1942 4502 ct
1966 4447 2285 4501 immaculati
2319 4448 2369 4500 in
2404 4454 2690 4514 conspectu
2718 4446 2832 4500 Dei.
2865 4446 2970 4499 Pax
2997 4446 3169 4513 vobis,
3212 4448 3458 4514 quoniam

1891 4534 1992 4572 non
2023 4519 2152 4570 estis
2189 4531 2356 4586 genus
2380 4517 2662 4585 abjectum,
2693 4516 2786 4570 sed
2831 4515 3091 4578 electum;
3117 4531 3222 4570 non
3253 4518 3458 4578 venale,

1890 4587 1984 4642 sed
2035 4585 2214 4657 regale
2260 4587 2645 4650 sacerdotium;
2693 4601 2797 4640 non
2828 4600 2977 4657 gens
3019 4585 3314 4657 obstinata,
3365 4587 3459 4640 sed

1888 4654 2121 4722 sanctaf
2154 4673 2257 4711 non
2299 4657 2524 4726 populus
2561 4654 2906 4726 perditionis,
2957 4654 3049 4710 scd
3080 4657 3458 4724 acquisitiouis.

1890 4728 1996 4782 Pax
2046 4727 2227 4794 vobis,
2273 4728 2360 4796 qui
2395 4741 2498 4780 non
2528 4727 2982 4796 conversationem
3025 4726 3325 4796 hominum,
3365 4727 3463 4780 sed

1891 4799 2210 4868 Angelorum
2239 4795 2305 4851 ini
2321 4797 2467 4850 silvis
2509 4805 2562 4850 et
2589 4796 2896 4868 nemoribus
2921 4795 3196 4848 adamatis.
3227 4795 3333 4868 Pax
3365 4811 3456 4868 vo-

1890 4865 2002 4931 bis,
2031 4875 2085 4921 et
2109 4882 2232 4922 vera
2262 4868 2634 4937 Apostolorum
2652 4866 2904 4937 charitas,
2937 4873 3180 4937 tanquam
3209 4865 3338 4919 nihil
3364 4865 3464 4937 hag

1891 4941 2096 5002 bentes,
2127 4946 2181 4991 et
2205 4934 2380 4990 omnia
2408 4935 2759 5004 possidentes.
2787 4935 2900 4988 Pax
2923 4934 3074 4988 vobis
3092 4975 3106 4998 ,
3129 4934 3315 4989 fratres
3359 4936 3465 4990 mei

1889 5017 1944 5060 et
1974 5007 2064 5058 lilii
2093 5007 2192 5060 mei
2231 5006 2580 5068 dilectissimi,
2607 5019 2741 5074 quos
2764 5004 2999 5072 quotidie
3027 5005 3078 5058 in
3095 5005 3308 5059 Christo
3338 5022 3460 5074 par-

1893 5078 2032 5129 turio
2055 5076 2105 5128 in
2132 5076 2425 5129 visceribus
2449 5074 2742 5129 charitatis.
2766 5075 2873 5128 Pax
2904 5074 3055 5128 vobis
3083 5075 3192 5143 illa,
3224 5077 3460 5144 inquam,

1890 5146 2106 5208 Christi,
2140 5161 2256 5214 qum
2282 5153 2568 5214 exsuperat
2590 5159 2800 5197 omnem
2825 5158 3063 5210 sensum,
3090 5147 3371 5204 custodiat,
3406 5155 3463 5196 ut

1891 5225 2154 5284 Optamus,
2183 5214 2341 5268 corda
2383 5225 2562 5268 nostra
2601 5222 2655 5268 et
2681 5214 3060 5283 intelligentias
3089 5224 3315 5284 nostras.
3352 5214 3462 5284 Pax

1891 5283 2061 5344 vobis,
2105 5284 2315 5347 fratres,
2347 5286 2435 5353 qui
2481 5285 2731 5339 steculum
2776 5285 3040 5348 calcastis',
3070 5283 3323 5336 mundum
3369 5283 3467 5335 dc-

1892 5354 2158 5434 Spcxistis,
2187 5369 2289 5434 non
2320 5353 2753 5434 laudernmiuudi
2792 5369 2959 5434 usque
2984 5353 3462 5434 nuncuadamasds,

1893 5426 2055 5478 risum
2086 5423 2354 5476 hominum
2385 5423 2608 5494 fugistis,
2629 5433 2687 5478 ut
2721 5421 2918 5494 sanctis
2945 5421 3238 5494 agminibus
3275 5431 3328 5473 et
3362 5437 3462 5494 an-

1891 5495 2073 5576 gelicis
2097 5494 2375 5576 colloquiis
2412 5489 2602 5576 vacare
2634 5493 2865 5576 possitis.
2894 5489 3003 5576 Pax
3027 5489 3212 5576 vobis,
3243 5505 3380 5576 quos
3409 5491 3463 5543 in

1893 5558 2028 5633 ﬁlios
2055 5573 2104 5633 ct
2122 5558 2310 5617 fratres
2324 5565 2478 5633 elegi.
2501 5574 2557 5616 ut
2582 5558 2859 5633 consortes
2875 5569 2927 5633 et
2949 5558 3230 5627 participes
3251 5574 3343 5633 vos
3366 5559 3464 5610 ha-

1893 5632 2042 5685 beam
2090 5632 2142 5684 in
2187 5628 2562 5686 tentatioriibus
2600 5632 2752 5683 meis.
2783 5628 2862 5681 Ad
2889 5629 3025 5681 hanc
3074 5639 3250 5680 autem
3296 5630 3463 5680 vitam

1887 5702 2035 5770 juxta
2084 5702 2426 5768 apostolicam
2472 5701 2696 5770 formam
2733 5699 2913 5770 vivere
2953 5697 3190 5770 volentes
3231 5713 3333 5748 non
3373 5713 3459 5770 me

1895 5766 2152 5841 elegistis,
2193 5770 2286 5825 sed
2332 5785 2431 5840 ego
2465 5769 2598 5839 elegi
2643 5781 2756 5822 vos.
2787 5766 3067 5836 Segregavi
3095 5779 3240 5818 vosa
3271 5768 3474 5820 εει-σω
